1747 2844
228 98 308 162 128

711 98 836 132 LIBER
859 98 992 133 XXXX.
1043 98 1135 133 CAP.
1162 97 1204 144 9.!

188 223 207 256 2
227 216 369 264 audio,
410 227 508 266 quae
538 215 635 253 latro
665 219 781 266 atque
812 214 1028 253 insidiator.
1071 226 1151 253 non
1181 214 1421 266 nequiquam
1451 214 1514 254 isti
1535 227 1660 254 unum

226 272 466 312 Demetrium
491 271 613 310 filium
636 277 673 310 te
695 271 850 319 hahere,
869 284 930 310 me
950 271 1148 310 subditum
1169 276 1209 310 et
1229 271 1375 323 paelice
1395 271 1571 322 genitum
1593 271 1661 311 ad-

187 338 206 369 3
227 330 384 381 pellant.
427 341 515 367 nam
538 329 569 368 si
593 328 771 379 gradum,
790 328 830 367 -si
853 328 1049 368 caritatem
1072 328 1139 367 filii
1167 329 1270 380 apud
1294 333 1331 367 te
1360 328 1556 376 haberem,
1579 341 1660 368 non

229 387 268 424 in
291 399 352 425 me
375 392 606 437 querentem
629 385 894 436 deprehensas
917 385 1088 433 insidias,
1121 385 1188 424 sed
1209 385 1249 424 in
1271 397 1374 431 eum,
1397 385 1465 437 qui
1488 385 1659 433 fecisset,

188 450 208 482 4
228 443 407 488 saevires,
431 455 503 482 nec
534 442 629 481 adeo
653 442 737 481 vilis
768 442 836 482 tibi
866 442 939 480 vita
972 447 1074 481 esset
1102 447 1249 489 nostra,
1282 449 1325 481 ut
1356 454 1428 482 nec
1449 443 1659 493 praeterito

226 500 402 552 periculo
426 512 511 538 meo
530 499 743 538 movereris
761 512 889 550 neque
910 501 1057 546 sutum,
1075 499 1106 537 si
1130 499 1404 538 insidiantibus
1425 502 1473 539 sit
1495 499 1659 551 inpune.

188 557 359 611 52itaque
394 556 424 595 si
449 557 547 595 mori
579 556 738 595 tacitum
770 561 937 608 oportet,
968 563 1177 605 taceamus,
1209 556 1359 607 precati
1381 561 1531 595 tantum
1554 556 1658 605 deos,

225 619 268 653 ut
292 627 312 653 a
333 626 394 652 nie
416 620 597 665 coeptum
621 613 749 652 scelus
771 614 809 652 in
833 625 894 652 me
915 614 1033 652 finem
1054 613 1204 662 habeat,
1227 625 1300 652 nec
1321 624 1392 664 per
1412 625 1543 652 meum
1559 613 1660 652 latus

187 680 205 712 6
226 678 267 710 tu
298 670 463 722 petaris3
495 670 554 709 sin
599 676 741 717 autern,
772 671 877 721 quod
915 669 1190 710 circumventis
1210 670 1249 708 in
1283 669 1493 709 solitudine
1521 676 1661 709 natura

225 727 308 779 ipsa
330 727 484 774 subicit,
508 734 550 766 ut
571 728 789 774 hominum,
813 740 912 779 quos
942 739 1154 778 numquam
1185 726 1362 775 viderint,
1395 727 1507 765 fidem
1529 735 1660 766 tamen

227 785 440 836 inplorent,
473 784 566 822 milii
597 796 756 835 quoque
778 786 925 823 serrum
956 784 996 822 in
1027 796 1088 823 me
1117 784 1295 823 strictum
1318 784 1495 823 cernenti
1524 795 1659 823 vocem

188 852 207 884 7
227 841 382 881 mittere
399 842 523 888 liceat,
543 854 612 892 per
630 848 667 880 te
685 841 934 892 patriumque
950 853 1107 887 nomen,
1130 840 1235 892 quod
1254 840 1330 880 utri
1347 846 1525 880 nostrum
1543 853 1658 880 sanc-

227 899 305 937 tius
335 899 405 946 sit,
449 899 521 937 iam
546 898 695 949 pridem
727 899 860 945 sentis,
894 899 943 937 ita
965 909 1027 937 me
1049 897 1194 944 audias,
1227 909 1380 949 precor,
1409 903 1605 949 tamquam
1627 896 1659 936 si

227 967 319 994 voce
350 961 387 994 et
417 956 727 1006 comploratione
761 962 955 994 nocturna
986 955 1136 994 excitus
1177 954 1271 993 mihi
1303 954 1507 1006 quiritanti
1537 954 1660 994 inter-

226 1013 410 1058 venisses,
434 1012 675 1051 Demetrium
706 1024 795 1051 cum
826 1012 983 1051 armatis
1007 1017 1121 1050 nocte
1151 1011 1384 1063 intempesta
1406 1011 1446 1050 in
1467 1011 1659 1050 vestibulo

226 1099 325 1122 wenn
351 1089 393 1122 du
421 1101 457 1123 so
483 1090 616 1131 denkst,
642 1090 736 1123 hatte
754 1090 807 1122 ich
830 1090 906 1123 frei-

226 1135 311 1168 lich.
346 1136 414 1168 wol
449 1146 508 1177 gar
541 1147 571 1168 u.
599 1146 623 1167 s.
653 1146 706 1173 vv.,
732 1136 819 1168 denn
846 1136 905 1168 das

225 1180 341 1213 wiirde
360 1191 419 1213 aus
438 1181 558 1213 deinen
574 1182 759 1213 Ansichten
779 1180 904 1223 folgen.

227 1245 271 1249 -—
303 1226 429 1267 audio,
470 1227 574 1259 horen
607 1237 716 1263 mnss:
752 1238 840 1269 qnae
874 1237 904 1259 n.

226 1272 351 1304 audire
367 1272 455 1304 sol-et
479 1272 559 1305 oder
584 1273 694 1313 andz't,
720 1282 790 1305 was
810 1277 905 1305 sonst

227 1327 288 1349 nur
312 1317 365 1349 ein
391 1328 475 1350 nsw.
502 1337 545 1341 —
575 1320 635 1349 isti
658 1318 729 1350 hier
752 1318 906 1350 veraclu-

226 1362 303 1403 lieh,
329 1362 369 1395 da
396 1362 583 1395 Demetrius
609 1364 696 1396 noch
730 1363 821 1395 nicht
848 1374 905 1395 an-

227 1408 363 1450 geredet
390 1409 443 1441 ist.
459 1428 503 1432 —
517 1419 625 1440 unum
644 1409 754 1449 Denz„
780 1410 833 1448 39,
853 1411 906 1450 53,

227 1455 257 1495 2,
283 1463 323 1486 zu
350 1455 478 1486 habere
508 1454 548 1486 ist
576 1465 637 1487 aus
662 1454 843 1497 appellant
866 1465 907 1486 zu

227 1499 371 1531 nehmen
401 1500 543 1541 (licant,
576 1499 643 1542 vgl.
672 1502 726 1541 33,
742 1501 793 1535 22.
810 1502 838 1534 S.
864 1519 909 1523 ——

226 1555 308 1576 nam
332 1547 363 1577 si
387 1549 450 1578 etc.
478 1545 667 1588 hegriindet
692 1556 763 1577 non
788 1548 911 1588 nequi-

227 1601 350 1632 quam,
392 1602 450 1623 ans
489 1591 608 1623 deinen
648 1591 909 1633 Aenssernngen

227 1636 307 1668 sehe
333 1636 405 1677 ich,
432 1636 509 1669 dass
535 1637 621 1669 anch
654 1636 697 1669 dn
723 1636 815 1669 diese
842 1637 909 1669 An-

228 1681 314 1714 sicht
348 1682 441 1719 hast;
477 1692 536 1714 aus
570 1681 645 1714 dem
679 1693 761 1714 nam
785 1701 829 1706 -—
856 1684 908 1714 z'n—

223 1737 320 1769 pune
353 1727 437 1759 wird
471 1727 524 1769 §5
552 1727 604 1759 die
631 1727 823 1769 Folgerung
853 1737 909 1770 ge-

228 1781 354 1813 zogen,
389 1772 441 1804 die
476 1772 534 1804 ans
558 1772 577 1814 ξ
600 1777 630 1809 Ι;
657 1775 827 1804 nimirum
853 1784 909 1805 zu-

227 1817 391 1859 riickgeht
417 1817 497 1850 aber
521 1818 676 1860 zngleich
702 1817 767 1850 den
788 1817 910 1850 Ueber-

229 1872 318 1905 gang
354 1873 429 1895 zum
463 1863 674 1905 Gegensatze
716 1863 832 1896 hildet.
866 1883 910 1887 --

226 1908 394 1950 gradum,
419 1908 543 1949 Stelle,
574 1908 785 1942 Ehrenstufe.
813 1928 856 1932 —
880 1911 911 1941 si

229 1973 272 1978 —-
297 1955 429 1996 inpune
463 1953 591 1987 enthfflt
624 1954 677 1986 die
709 1953 911 1997 Bedingung

233 2009 272 2032 zu
290 1999 438 2038 futuro:
464 1999 528 2032 wie
548 1999 611 2032 die.
639 1999 779 2037 welche,
810 2009 910 2032 wenn

227 2043 484 2088 Straflosigkeit
520 2049 601 2077 statt
645 2044 757 2078 finden
799 2045 911 2086 sollte,

232 2089 390 2123 kommen
416 2090 519 2130 wird,
555 2090 645 2130 (dich
670 2091 761 2123 nicht
788 2091 911 2123 riihren

230 2136 377 2173 wfirde);
405 2147 464 2169 aus
481 2139 674 2168 movereris
691 2136 733 2169 ist
753 2136 836 2169 dazn
856 2136 908 2169 die

230 2181 498 2224 entspreehende
516 2181 613 2214 Form
632 2192 672 2214 zu
691 2181 840 2218 denken;
868 2181 909 2214 da

228 2230 419 2259 movereris
444 2227 515 2259 sich
545 2227 604 2259 auf
627 2227 678 2260 die
705 2228 909 2269 (legenwart

228 2273 361 2305 bezieht
377 2273 442 2306 wie
457 2283 520 2305 nec
534 2292 577 2296 -
591 2276 697 2313 esset,·
716 2273 773 2305 der
787 2272 909 2305 Wech-

230 2318 278 2351 sel
297 2318 355 2351 des
369 2318 517 2361 Tempus
532 2318 666 2351 abnlich
682 2322 712 2358 6,
727 2321 780 2353 40,
800 2321 849 2352 17.
865 2338 909 2342 —

233 2366 396 2406 tacitum,
432 2365 519 2397 ohne
545 2363 634 2396 mich
658 2374 698 2396 zn
724 2363 910 2406 beklagen;

234 2408 291 2441 der
316 2408 472 2452 Singulas
498 2409 607 2442 neben
634 2412 820 2451 taceamus,
847 2409 911 2442 wie

233 2454 352 2487 vorher
377 2456 483 2488 audio
509 2474 553 2478 —
577 2465 630 2487 me
654 2475 698 2479 —
723 2459 857 2497 nostra,
884 2465 911 2488 c.

234 2499 263 2539 8,
282 2500 311 2532 2.
338 2519 381 2523 —
407 2511 427 2532 a
459 2511 512 2533 me
546 2512 584 2542 e.,
619 2500 834 2543 zweideutig.
868 2519 912 2523 —

232 2554 296 2575 nec
318 2555 382 2585 per
404 2563 449 2575 =
473 2550 505 2578 ct
528 2557 571 2578 ηε
593 2557 639 2588 ρ.,
664 2556 691 2579 c.
719 2548 772 2586 46,
795 2548 832 2581 4:
858 2546 911 2587 22,

238 2590 288 2625 10,
315 2592 344 2622 5.
379 2610 424 2614 —
453 2602 517 2633 per
549 2601 593 2623 m.
628 2591 699 2633 lat„
732 2591 815 2633 §9:
846 2601 912 2633 per

974 1100 1087 1122 meum
1123 1091 1357 1131 sanguinem;
1394 1090 1448 1129 23,
1470 1090 1501 1130 9,
1517 1090 1554 1121 8:
1592 1098 1658 1131 per

974 1146 1089 1167 mcum
1102 1138 1225 1178 pectus
1239 1135 1411 1177 petendus
1427 1134 1487 1166 ille
1504 1138 1563 1176 est,
1588 1134 1655 1167 Cic.

975 1180 1049 1214 Vat.
1067 1183 1096 1221 5,
1118 1182 1172 1214 13:
1206 1184 1247 1212 ut
1270 1191 1370 1212 nemo
1394 1191 1459 1222 per
1484 1184 1582 1212 mum
1609 1180 1658 1212 la-

976 1230 1030 1258 ms
1054 1245 1099 1250 ——
1122 1228 1313 1259 sancietur.

1021 1274 1119 1306 6—7.
1147 1274 1183 1303 in
1201 1271 1305 1312 solit„
1323 1271 1413 1304 hier:
1434 1271 1486 1304 die
1504 1271 1604 1313 Lage,
1624 1272 1657 1304 in

974 1316 1032 1349 der
1050 1327 1127 1350 man
1145 1327 1211 1349 von
1225 1316 1402 1349 Freunden
1420 1316 1489 1350 und
1503 1316 1659 1350 Bekann-

975 1367 1031 1395 ten
1065 1362 1188 1395 keinen
1215 1361 1339 1395 Schutz
1374 1362 1526 1395 erhalten
1556 1362 1658 1403 kann,

975 1408 1078 1440 daher
1096 1419 1182 1450 quos
1199 1418 1392 1450 numquam
1406 1411 1482 1448 etc,
1506 1408 1575 1450 vgl.
1591 1407 1657 1441 Cic.

975 1452 1043 1487 Mil.
1071 1456 1168 1493 4,10.
1194 1473 1239 1477 —-
1262 1454 1407 1495 subicit,
1441 1453 1509 1496 vgl.
1537 1455 1591 1495 30,
1605 1454 1658 1494 32,

977 1502 994 1532 5
1009 1513 1015 1537 ;
1031 1501 1084 1536 44,
1100 1500 1153 1540 24,
1172 1500 1186 1532 1
1214 1510 1244 1531 u.
1272 1509 1300 1532 a.
1320 1518 1364 1522 -—
1383 1502 1498 1531 tamen
1524 1499 1659 1532 bezieht

978 1545 1048 1577 sich
1083 1544 1142 1577 aus
1173 1544 1226 1577 die
1257 1544 1290 1577 in
1325 1544 1401 1578 dem
1426 1543 1657 1578 Relativsatze

978 1601 1065 1633 quos
1088 1600 1124 1622 n.
1149 1590 1218 1622 vid.
1243 1590 1399 1632 liegende
1417 1589 1659 1633 Einr'tiumung,

979 1647 1003 1669 s.
1019 1637 1072 1677 22,
1087 1637 1118 1676 2,
1133 1638 1162 1669 5.
1181 1655 1226 1659 —
1244 1635 1349 1668 liceat
1371 1635 1503 1669 scheint
1528 1636 1586 1669 der
1603 1645 1660 1668 an-

978 1691 1224 1724 genommenen
1266 1681 1470 1724 Abneigung
1507 1680 1660 1724 Philipps

978 1726 1183 1769 gegeniiber,
1201 1726 1269 1769 vgl.
1287 1728 1336 1759 sit
1353 1729 1496 1769 inpune,
1521 1726 1574 1760 die
1593 1727 1661 1759 An-

979 1773 1100 1805 nahme
1118 1772 1401 1814 anszusprechen,
1428 1771 1507 1805 dass
1531 1781 1567 1805 er
1584 1771 1661 1804 diir-

979 1818 1031 1858 se,
1048 1817 1147 1850 Gron.
1174 1827 1276 1850 verm.
1310 1817 1394 1849 licet
1414 1817 1482 1850 und
1506 1817 1660 1851 betrach-

979 1866 1029 1895 tet
1054 1862 1150 1904 quod
1172 1881 1216 1886 —-
1239 1862 1432 1904 implorent
1462 1862 1511 1896 als
1536 1862 1661 1896 Paren-

979 1908 1086 1940 these.
1101 1918 1220 1950 —per
1247 1911 1277 1940 le
1289 1911 1365 1950 pat.
1391 1917 1498 1949 nom„
1522 1908 1591 1951 vgl.
1607 1910 1660 1950 24,

981 1955 1034 1994 26,
1050 1955 1086 1986 3:
1108 1963 1233 1995 preces
1256 1964 1352 1986 nunc
1371 1963 1437 1996 per
1453 1956 1662 1987 memoriam

980 1999 1146 2031 Hieronis
1156 2011 1167 2037 ‚·
1191 1997 1290 2041 Verg.
1317 1999 1398 2032 Aen.
1434 2001 1466 2040 4,
1482 2001 1565 2033 314:
1598 2010 1663 2042 per

980 2055 1044 2086 ego
1071 2045 1133 2076 has
1152 2044 1318 2077 lacrimas
1335 2044 1570 2087 deoetramque
1587 2055 1663 2087 oro,

981 2089 1106 2123 Tibull.
1134 2091 1164 2131 3,
1183 2091 1286 2130 1,15:
1312 2100 1380 2133 per
1403 2100 1474 2131 υοε,
1499 2094 1663 2123 auctores

980 2155 1024 2159 —-
1043 2137 1222 2177 carminis,
1241 2146 1317 2177 oro,
1335 2146 1365 2169 u.
1385 2145 1433 2174 a.;
1453 2134 1552 2169 Gron.
1572 2135 1661 2176 liest,

980 2191 1035 2214 um
1061 2180 1210 2214 dieselbe
1228 2179 1326 2214 Form
1343 2181 1410 2214 wie
1427 2182 1482 2223 23,
1497 2183 1528 2222 9,
1542 2183 1580 2214 2:
1594 2191 1663 2224 per

980 2237 1044 2269 ego
1071 2230 1112 2268 te,
1137 2226 1201 2268 fili,
1228 2246 1268 2250 ——
1293 2229 1377 2259 iura
1401 2236 1442 2259 zu
1460 2226 1660 2268 gewinnen:

974 2283 1052 2315 per,
1071 2275 1112 2313 te,
1135 2274 1294 2314 patrium
1311 2282 1344 2304 n.
1363 2274 1426 2304 etc.
1453 2271 1521 2314 vgl.
1536 2273 1591 2313 29,
1611 2273 1660 2312 13,

979 2320 1008 2350 9.
1035 2337 1080 2341 -—
1097 2318 1178 2359 y'am
1197 2327 1255 2359 pr.
1279 2318 1405 2358 sentis,
1438 2326 1464 2349 s.
1492 2319 1545 2358 39,
1560 2318 1615 2358 28,
1633 2320 1661 2351 1.

982 2381 1026 2386 —-
1052 2366 1157 2404 tamq.
1181 2364 1230 2403 si,
1264 2362 1329 2394 wie
1362 2362 1505 2404 velat-51¹,
1534 2364 1661 2405 21,41,

991 2410 1049 2445 1ος
1074 2409 1254 2448 23,18,14
1287 2418 1318 2440 u.
1353 2417 1400 2445 a.;
1431 2408 1583 2450 perinde
1619 2419 1661 2440 ac

979 2455 1021 2494 si,
1047 2463 1086 2485 zu
1112 2455 1143 2492 4,
1159 2455 1257 2494 7,11,
1282 2452 1332 2486 oft
1357 2455 1444 2485 setzt
1462 2453 1495 2486 L.
1520 2455 1553 2486 si
1568 2453 1662 2486 nicht

982 2508 1022 2531 zu
1050 2501 1239 2540 tamquam.
1255 2517 1297 2522 —
1311 2499 1512 2541 quiritanti,
1539 2500 1592 2540 39,
1609 2501 1661 2541 10,

982 2546 999 2576 7
1027 2543 1226 2576 wiederholt
1252 2543 1312 2576 das
1336 2543 1369 2576 in
1395 2553 1478 2576 voce
1495 2555 1522 2577 e.
1541 2554 1663 2587 comp„

980 2589 1106 2622 bereits
1139 2588 1294 2631 Gesagte.
1329 2608 1373 2613 —
1404 2589 1569 2633 Demetr„
1601 2589 1661 2623 das

1507 117 1533 137 a.
1554 117 1583 138 u.
1603 110 1664 138 572.

1727 0 1747 89 l
