1779 2893
47 0 92 29 .‘³'

0 0 55 223 ἶ
86 121 114 142 ι.
134 113 189 142 Ch.
210 114 270 142 177.

0 227 15 336 ἓ

0 338 7 354 ,

544 102 671 136 LIBER
695 102 843 136 xxxxl.
892 103 985 137 CAP.
1018 105 1068 138 10.
1481 99 1533 139 21

85 219 169 260 acie
199 231 331 269 caesa3
361 219 480 260 ceteri
512 219 659 258 omisso
691 219 795 259 bello
826 220 868 260 in
899 218 1074 260 civitates
1104 220 1249 273 passim
1279 219 1537 272 diffugerunt.

82 277 176 317 inde
190 276 342 329 legatos
357 277 530 330 primum
547 277 594 317 ad
610 289 749 330 pacem
766 277 977 331 petendam
993 277 1035 317 in
1053 285 1178 318 castra
1187 277 1380 327 Romana,
1396 278 1539 318 deinde

85 335 244 375 obsides
271 335 488 388 imperatos
517 335 726 375 miserunt.

786 335 884 375 haec
914 347 1005 375 cum
1026 335 1176 375 Romae
1208 336 1367 388 cognita
1396 335 1540 375 litteris
1559 342 1580 375 5

82 392 373 447 proconsulum
395 399 548 440 essent,
581 392 623 432 C.
647 392 833 432 Claudius
855 393 997 433 consul
1017 393 1188 440 veritus,
1211 406 1261 432 ne
1283 394 1387 433 forte
1409 406 1453 433 ea
1474 406 1539 433 res

82 450 328 504 provinciam
349 457 383 490 et
405 450 624 490 exercitum
645 450 722 490 sibi
737 451 940 499 adimeret,
962 463 1045 490 non
1060 451 1161 490 votis
1177 451 1433 504 nuncupatis,
1455 463 1538 490 non

80 507 278 562 paludatis
303 507 534 556 lictoribus,
574 521 656 548 uno
688 509 868 548 omnium
899 509 1068 548 certiore
1105 509 1207 548 facto
1238 508 1388 560 collega
1419 515 1539 548 nocte

81 565 307 618 profectus,
336 578 531 619 praeceps
560 565 602 605 in
624 566 871 618 provinciam
892 566 1008 614 abiit,·
1039 566 1108 606 ubi
1129 566 1397 606 inconsultius
1420 579 1539 618 quam

80 628 244 663 venerat
273 635 316 663 se
347 623 481 674 gessit.

533 636 626 663 nam
658 636 750 663 cum
772 624 962 664 contione
983 624 1168 664 advocata
1199 624 1333 675 fugam
1357 638 1377 663 e
1400 624 1540 663 castris
1559 629 1580 661 6

80 681 127 720 A.
138 680 261 720 Manli
276 680 450 720 adversis
464 681 627 721 auribus
644 681 828 729 militum,
852 682 1001 734 quippe
1019 682 1086 734 qui
1102 681 1219 735 primi
1235 682 1313 734 ipsi
1328 681 1539 733 fugissent,

80 738 266 778 iactasset
280 746 318 778 ec
336 738 569 790 ingessisset
584 738 731 791 probra
748 739 799 779 M.
815 739 944 788 Iunio,
968 740 1075 792 quod
1096 752 1137 779 se
1160 739 1364 779 dedecoris
1385 739 1540 778 socium

81 795 257 848 collegae
278 795 451 841 fecisset,
473 797 521 836 ad
542 803 762 836 extremum
783 804 998 850 utrumque
1020 797 1210 837 decedere
1231 796 1436 849 provincia
1457 796 1539 836 ius-

81 853 146 894 sit.
184 854 235 894 ad
250 854 357 906 quod
375 866 467 893 cum
483 854 541 893 illi
561 862 646 894 tum
663 854 840 894 consulis
855 854 1023 908 imperio
1040 855 1145 894 dicto
1162 855 1368 894 audientes
1384 855 1541 894 futuros
1561 861 1579 892 7

81 923 168 951 esse
188 911 381 960 dicerent,
404 924 495 951 cum
515 912 549 951 is
570 924 681 952 more
701 912 910 961 maiorum,
933 913 1153 952 secundum
1174 920 1261 952 vota
1283 912 1324 952 in
1342 912 1538 965 Capitolio

82 975 336 1021 nuncupata,
366 968 577 1009 lictoribus
606 969 804 1025 paludatis
833 970 1038 1023 profectus
1058 970 1105 1010 ab
1128 970 1226 1010 urbe
1249 977 1372 1016 esset,
1403 970 1540 1009 furens
1560 974 1580 1007 8

79 1027 138 1066 ira
153 1032 352 1073 vocatum,
374 1027 442 1079 qui
458 1039 531 1079 pro
549 1034 757 1080 quaestore
775 1027 897 1067 Manli
915 1034 1009 1075 erat,
1032 1034 1189 1067 catenas
1210 1028 1406 1080 poposcit,
1428 1028 1539 1067 viuc-

81 1091 145 1124 tos
174 1097 217 1124 se
245 1083 407 1124 Iunium
438 1084 708 1137 Manliumque
735 1086 924 1124 minitans
945 1085 1112 1124 Romam
1141 1085 1370 1124 missurum.
1422 1085 1470 1124 ab
1494 1098 1539 1124 eo
1561 1091 1581 1123 9

81 1154 242 1195 quoque
258 1147 439 1194 spretum
457 1142 636 1181 consulis
652 1142 866 1195 imperium
883 1149 939 1181 est
955 1155 964 1189 ;
989 1149 1026 1182 et
1045 1143 1311 1182 circumfusus
1329 1143 1540 1190 exercitus,

79 1200 215 1239 favens
244 1199 532 1251 imperatorum
562 1212 702 1239 causae
732 1207 771 1239 et
803 1199 957 1239 consuli
980 1200 1170 1245 infestus,
1203 1200 1358 1240 animos
1387 1201 1433 1240 ad
1456 1213 1539 1239 non

78 1256 301 1310 parendum
330 1256 402 1296 add
409 1256 510 1297 ebat.

575 1264 781 1309 postremo
812 1258 998 1309 fatigatus
1035 1258 1176 1297 consul
1213 1265 1250 1297 et
1287 1258 1539 1298 contumeliis
1564 1263 1600 1296 10

78 1313 331 1366 singulorum
363 1321 402 1354 et
430 1314 699 1354 multitudinis
719 1338 776 1344 —-
798 1328 888 1355 nam
915 1316 1081 1368 insuper
1111 1315 1335 1355 inridebant
1357 1339 1413 1344 —-
1434 1315 1538 1355 ludi-

77 1372 188 1421 briis,
218 1384 316 1412 nave
338 1372 487 1421 eadem,
518 1385 595 1425 qua
618 1379 801 1421 venerat,
823 1373 1046 1425 Aquileiam
1067 1373 1196 1412 rediit.
1247 1373 1339 1413 inde
1362 1373 1536 1426 collegae
1561 1378 1595 1410 11

83 1510 113 1551 1,
139 1509 176 1546 3;
203 1509 258 1546 30,
289 1509 340 1548 15,
366 1508 456 1541 8.-
478 1517 551 1540 non
577 1510 669 1540 votis
695 1513 774 1549 etc„

81 1564 108 1587 s.
135 1555 190 1595 21,
217 1555 281 1597 63,
306 1555 338 1587 9.
363 1573 409 1576 —
431 1553 598 1596 paluclac.
625 1554 720 1596 liet„
747 1565 772 1587 s.

78 1600 491 1685 {⁷2221-J'.³f{220²{221}.³
513 1599 701 1689 fflgfii,
724 1602 774 1685 ἒξ·

79 1693 136 1733 37,
161 1694 217 1730 45,
242 1693 274 1726 6.

88 1786 96 1793 ·
127 1739 250 1772 6—10.
278 1737 359 1790 agiu.
380 1747 473 1806 qui,
504 1739 536 1791 6,
567 1739 622 1780 40,
654 1739 704 1771 14.
729 1756 775 1761 -

80 1787 280 1874 ξῖὲἒιῗέἱίι
292 1787 342 1863 355
355 1786 705 1870 ,333138331ᾞὲ
710 1784 774 1862 Ἧῑέ

78 1876 138 1910 Hs.
170 1876 309 1909 Manlio
341 1875 420 1916 hat,
461 1875 530 1909 wol
562 1875 772 1913 verdorben;

79 1921 168 1975 auch
192 1921 326 1956 scheint
349 1924 423 1965 ipsi
454 1921 507 1954 ein
535 1921 678 1955 anderes
704 1921 773 1955 Ob-

74 1967 773 2058 tesssbsszsisszdssztzffiffl3222025.

78 2071 163 2103 soc„
191 2060 285 2093 viell.
309 2060 391 2092 weil
421 2069 457 2092 er
489 2060 550 2092 mit
582 2059 653 2093 ihm
686 2059 773 2093 nach

82 2105 238 2150 Aquileia
264 2115 420 2148 gezogen
445 2116 537 2145 war,
562 2115 589 2138 s.
616 2116 643 2138 c.
670 2108 702 2148 5,
732 2108 771 2139 12

79 2151 150 2186 und
175 2151 230 2185 die
254 2150 383 2185 Schuld
409 2150 590 2184 desselben
616 2151 773 2185 verhehlt

78 2198 241 2277 hatte,lc.
256 2200 288 2238 7,
309 2199 354 2278 ΞΟ
372 2197 620 2277 -ᾗῠαιέὁηίἓ
648 2199 773 2276 ἓξὲξ,

74 2247 193 2335 ἓνοῑῗ
209 2254 379 2339 ’0ζὲὴίοῇ
396 2269 500 2322 ih-tien
517 2270 578 2322 das
593 2269 773 2332 imperium

82 2336 143 2370 aut
163 2336 218 2370 ein
243 2335 326 2370 Jahr
350 2335 547 2379 vesl'angert
571 2335 628 2377 ist,
654 2346 682 2368 c.
698 2337 730 2377 6,
744 2336 778 2377 2,

79 2382 152 2427 vgl.
186 2393 215 2416 c.
253 2384 306 2425 14,
343 2384 404 2425 11;
439 2383 494 2424 39,
531 2383 562 2421 3,
594 2383 624 2415 3.
657 2400 704 2406 -
730 2381 779 2413 ad

81 2428 179 2472 quod
202 2439 302 2471 cum,
327 2428 415 2462 nach
439 2427 483 2462 M.
509 2427 631 2461 Muller
649 2432 691 2461 st.
717 2427 777 2460 des

79 2474 156 2509 hds.
182 2474 280 2518 quod
312 2484 410 2516 cum,
446 2484 474 2507 s.
501 2475 541 2514 6,
575 2475 613 2515 S,
649 2475 686 2510 22
721 2476 778 2515 37,

80 2522 138 2563 29,
162 2522 184 2554 9
207 2531 242 2554 u.
267 2530 311 2561 3.,
341 2519 403 2553 das
428 2520 509 2553 aber
540 2519 612 2553 hier
650 2529 777 2563 unpas-

81 2566 259 2605 send'ist;
286 2566 335 2599 als
361 2566 422 2608 sie,
444 2566 505 2599 auf
526 2565 598 2608 das,
618 2576 692 2599 was
719 2565 777 2599 der

81 2612 209 2646 Consul
256 2616 380 2657 gesagt
426 2611 532 2656 hatte,
582 2611 774 2646 erwidernd

845 1518 877 1540 u.
905 1518 930 1540 s.
958 1518 1015 1549 ψ,
1048 1508 1117 1551 vgl.
1146 1510 1199 1549 10,
1234 1509 1292 1546 25,
1325 1510 1359 1540 7:
1393 1508 1442 1540 ad
1474 1509 1541 1541 lzoc

846 1564 926 1586 cum
950 1554 1211 1586 succlamatum
1239 1558 1336 1591 esset.
1365 1556 1395 1594 S,
1423 1555 1476 1595 32,
1502 1555 1538 1592 ὃς

846 1598 946 1632 Gron.
979 1610 1085 1634 verm.
1116 1611 1277 1643 cumque.
1311 1620 1355 1624 —
1388 1602 1538 1644 imperio

846 1646 940 1678 (licto
968 1646 1065 1683 aud„
1089 1646 1159 1689 vgl.
1187 1647 1285 1680 Corn.
1312 1648 1414 1689 Ages.
1442 1649 1474 1688 4,
1501 1649 1539 1680 2:

846 1691 941 1724 dieto
978 1692 1132 1725 audiens
1162 1692 1237 1731 fuit
1263 1695 1379 1725 iussis.
1413 1711 1458 1717 —
1482 1691 1540 1732 fu-

846 1741 948 1771 curos
974 1750 1046 1771 esse
1071 1738 1160 1771 ohne
1184 1750 1231 1779 se,
1256 1739 1323 1771 wie
1348 1741 1402 1780 40,
1419 1740 1474 1779 36,
1500 1742 1539 1780 43

845 1783 890 1816 ib.
918 1786 974 1827 41,
1003 1786 1039 1823 53
1068 1786 1125 1826 42,
1156 1787 1206 1826 10,
1238 1787 1288 1827 15,
1320 1785 1391 1828 vgl.
1417 1795 1458 1817 zu
1486 1786 1541 1825 22,

846 1832 902 1871 50,
928 1833 967 1873 43
1008 1833 1036 1871 1,
1063 1833 1119 1872 37,
1146 1833 1177 1864 6.
1211 1850 1257 1854 -
1283 1842 1362 1863 cum
1397 1833 1426 1863 is
1464 1835 1542 1871 etc„

846 1886 882 1909 es
908 1877 974 1919 gab
990 1876 1058 1909 wol
1084 1875 1163 1910 kein
1178 1876 1393 1910 bestimmtes
1407 1876 1542 1917 Gesetz‚

846 1922 930 1955 nach
947 1922 1115 1956 welchem
1130 1922 1183 1956 die
1198 1922 1455 1966 Anerkennung
1481 1922 1541 1957 des

846 1978 923 2000 cum
941 1971 1091 2010 imperio
1111 1968 1339 2002 kommenden
1356 1968 1541 2002 Feldherrn

844 2014 950 2047 durch
977 2014 1037 2047 das
1049 2014 1135 2048 Heer
1160 2025 1228 2048 von
1252 2015 1328 2048 dem
1344 2015 1541 2049 feierlicheu

843 2062 984 2104 Auszug
1010 2060 1192 2094 desselben
1217 2070 1282 2094 aus
1307 2061 1404 2100 Rom,
1431 2071 1458 2094 s.
1484 2063 1541 2102 40,

844 2108 899 2148 26,
925 2109 956 2145 6,
991 2106 1163 2150 abhangig
1189 2117 1350 2150 gewesen
1376 2110 1466 2140 ware
1493 2107 1542 2149 (in

844 2151 921 2185 dem
947 2151 1129 2186 ahnlichen
1162 2153 1254 2186 Falle
1281 2154 1335 2192 21,
1361 2156 1417 2193 63,
1446 2155 1483 2186 2:
1519 2154 1540 2186 9

843 2197 942 2241 klagt
967 2208 1030 2231 nur
1056 2198 1114 2231 der
1140 2197 1245 2232 Senat
1271 2199 1354 2232 iiber
1379 2199 1439 2232 das
1456 2198 1540 2231 Ver-

844 2243 962 2277 sahren
988 2243 1048 2277 des
1074 2244 1236 2287 Consuls)
1262 2245 1342 2278 aber
1373 2244 1433 2278 das
1459 2244 1543 2278 Her-

843 2289 1004 2323 kommen
1042 2290 1222 2333 verlangte
1260 2290 1465 2329 denselben‚
1511 2300 1539 2324 s.

847 2335 979 2368 Becker
1004 2337 1036 2375 2,
1063 2337 1094 2375 2,
1122 2338 1183 2374 60;
1209 2335 1400 2370 Mommsen
1417 2335 1484 2370 Str.
1513 2339 1542 2377 1,

848 2383 903 2415 97.
929 2401 972 2405 —
996 2392 1064 2424 pro
1091 2386 1239 2425 quaest„
1262 2384 1316 2417 30.
1331 2384 1438 2423 33,2;
1465 2381 1542 2415 CIL.

847 2427 870 2460 Ι.
887 2428 971 2465 423;
987 2430 1054 2462 604
1070 2438 1101 2460 u.
1118 2438 1159 2468 a.‚
1174 2427 1280 2471 Marq.
1296 2430 1379 2462 rom.
1394 2427 1542 2462 Stverw.

846 2473 869 2506 l.
897 2474 974 2507 35⁵3.
999 2493 1045 2497 -—-
1068 2473 1198 2515 Manli,
1225 2484 1250 2507 s.
1275 2475 1331 2515 33,
1347 2475 1452 2515 58‚8;
1480 2474 1543 2507 Pe-

846 2519 963 2552 riocha
1002 2521 1060 2554 37:
1101 2519 1319 2563 gewohnlich
1356 2519 1448 2553 steht
1485 2520 1544 2553 der

846 2565 1011 2599 Πεύκη-
1027 2566 1204 2608 eircumfi,
1225 2568 1255 2603 S,
1270 2567 1378 2603 3212
1392 2565 1426 2605 f.;
1442 2567 1474 2607 2,
1487 2568 1543 2606 58,

849 2613 879 2645 7.
903 2631 947 2637 —
962 2622 1053 2645 nave
1068 2612 1158 2655 ead„
1172 2613 1227 2653 35,
1244 2613 1299 2651 39,
1317 2614 1330 2646 1
1345 2623 1352 2655 ;
1369 2613 1423 2654 25,
1439 2613 1493 2652 23,
1509 2615 1541 2647 6.
