<?xml version="1.0" encoding="UTF-8"?>
<!DOCTYPE html PUBLIC "-//W3C//DTD XHTML 1.0 Transitional//EN"
    "http://www.w3.org/TR/xhtml1/DTD/xhtml1-transitional.dtd">
<html xmlns="http://www.w3.org/1999/xhtml" xml:lang="en" lang="en">
 <head>
  <title>
</title>
<meta http-equiv="Content-Type" content="text/html;charset=utf-8" />
  <meta name='ocr-system' content='tesseract 3.04.00' />
  <meta name='ocr-capabilities' content='ocr_page ocr_carea ocr_par ocr_line ocrx_word'/>
</head>
<body>
  <div class='ocr_page' id='page_1' title='image "./aburbeconditalib09livyuoft_0176.png"; bbox 0 0 1747 2844; ppageno 0'>
   <div class='ocr_carea' id='block_1_1' title="bbox 169 75 248 115">
    <p class='ocr_par' dir='ltr' id='par_1_1' title="bbox 169 75 248 115">
     <span class='ocr_line' id='line_1_1' title="bbox 169 75 248 115; baseline 0.013 -1"><span class='ocrx_word' id='word_1_1' title='bbox 169 75 248 115; x_wconf 84' lang='lat'><strong>170</strong></span> 
     </span>
    </p>
   </div>
   <div class='ocr_carea' id='block_1_2' title="bbox 590 76 1174 112">
    <p class='ocr_par' dir='ltr' id='par_1_2' title="bbox 590 76 1174 112">
     <span class='ocr_line' id='line_1_2' title="bbox 590 76 1174 112; baseline 0.002 -3"><span class='ocrx_word' id='word_1_2' title='bbox 590 76 715 109; x_wconf 82' lang='lat' dir='ltr'>LIBER</span> <span class='ocrx_word' id='word_1_3' title='bbox 739 76 872 110; x_wconf 84' lang='lat' dir='ltr'>XXXX.</span> <span class='ocrx_word' id='word_1_4' title='bbox 922 76 1013 109; x_wconf 82' lang='lat' dir='ltr'><strong>CAP.</strong></span> <span class='ocrx_word' id='word_1_5' title='bbox 1042 79 1094 111; x_wconf 81' lang='lat'><strong>32.</strong></span> <span class='ocrx_word' id='word_1_6' title='bbox 1122 79 1174 112; x_wconf 84' lang='lat'><strong>33.</strong></span> 
     </span>
    </p>
   </div>
   <div class='ocr_carea' id='block_1_3' title="bbox 1440 87 1598 114">
    <p class='ocr_par' dir='ltr' id='par_1_3' title="bbox 1440 87 1598 114">
     <span class='ocr_line' id='line_1_3' title="bbox 1440 87 1598 114; baseline 0 0"><span class='ocrx_word' id='word_1_7' title='bbox 1440 95 1465 114; x_wconf 85' lang='lat' dir='ltr'><strong>a.</strong></span> <span class='ocrx_word' id='word_1_8' title='bbox 1486 95 1515 114; x_wconf 92' lang='lat' dir='ltr'><strong>u.</strong></span> <span class='ocrx_word' id='word_1_9' title='bbox 1535 87 1598 114; x_wconf 74' lang='lat'><strong>573.</strong></span> 
     </span>
    </p>
   </div>
   <div class='ocr_carea' id='block_1_4' title="bbox 123 191 1597 1043">
    <p class='ocr_par' dir='ltr' id='par_1_4' title="bbox 123 191 1597 1043">
     <span class='ocr_line' id='line_1_4' title="bbox 166 191 1594 249; baseline -0.001 -17"><span class='ocrx_word' id='word_1_10' title='bbox 166 193 267 233; x_wconf 82' lang='lat' dir='ltr'><strong>xisse</strong></span> <span class='ocrx_word' id='word_1_11' title='bbox 289 192 486 231; x_wconf 78' lang='lat' dir='ltr'><strong>Romanos</strong></span> <span class='ocrx_word' id='word_1_12' title='bbox 515 191 748 249; x_wconf 77' lang='lat' dir='ltr'><strong>cernebant,</strong></span> <span class='ocrx_word' id='word_1_13' title='bbox 784 205 872 231; x_wconf 91' lang='lat' dir='ltr'><strong>cum</strong></span> <span class='ocrx_word' id='word_1_14' title='bbox 902 192 1048 231; x_wconf 84' lang='lat' dir='ltr'><strong>maiore</strong></span> <span class='ocrx_word' id='word_1_15' title='bbox 1068 192 1207 232; x_wconf 85' lang='lat' dir='ltr'><strong>fiducia</strong></span> <span class='ocrx_word' id='word_1_16' title='bbox 1230 192 1449 232; x_wconf 87' lang='lat' dir='ltr'><strong>intulerunt</strong></span> <span class='ocrx_word' id='word_1_17' title='bbox 1469 192 1594 243; x_wconf 86' lang='lat' dir='ltr'><strong>signa.</strong></span> 
     </span>
     <span class='ocr_line' id='line_1_5' title="bbox 127 249 1595 302; baseline -0.001 -12"><span class='ocrx_word' id='word_1_18' title='bbox 127 258 144 289; x_wconf 90' lang='lat'>5</span> <span class='ocrx_word' id='word_1_19' title='bbox 166 252 238 290; x_wconf 88' lang='lat' dir='ltr'><strong>iam</strong></span> <span class='ocrx_word' id='word_1_20' title='bbox 262 262 386 302; x_wconf 88' lang='lat' dir='ltr'><strong>prope</strong></span> <span class='ocrx_word' id='word_1_21' title='bbox 407 255 501 296; x_wconf 86' lang='lat' dir='ltr'><strong>erat,</strong></span> <span class='ocrx_word' id='word_1_22' title='bbox 526 255 566 288; x_wconf 92' lang='lat' dir='ltr'><strong>ut</strong></span> <span class='ocrx_word' id='word_1_23' title='bbox 587 249 790 289; x_wconf 81' lang='lat' dir='ltr'><strong>sinistrum</strong></span> <span class='ocrx_word' id='word_1_24' title='bbox 812 262 937 288; x_wconf 81' lang='lat' dir='ltr'><strong>cornu</strong></span> <span class='ocrx_word' id='word_1_25' title='bbox 960 249 1171 300; x_wconf 78' lang='lat' dir='ltr'><strong>pelleretur</strong></span> <span class='ocrx_word' id='word_1_26' title='bbox 1186 249 1387 298; x_wconf 86' lang='lat' dir='ltr'><strong>Romanis,</strong></span> <span class='ocrx_word' id='word_1_27' title='bbox 1410 249 1452 288; x_wconf 92' lang='lat' dir='ltr'><strong>ni</strong></span> <span class='ocrx_word' id='word_1_28' title='bbox 1473 249 1595 301; x_wconf 86' lang='lat' dir='ltr'><strong>septi-</strong></span> 
     </span>
     <span class='ocr_line' id='line_1_6' title="bbox 165 306 1594 358; baseline -0.001 -12"><span class='ocrx_word' id='word_1_29' title='bbox 165 320 226 346; x_wconf 85' lang='lat' dir='ltr'><strong>ma</strong></span> <span class='ocrx_word' id='word_1_30' title='bbox 255 307 355 358; x_wconf 86' lang='lat' dir='ltr'><strong>legio</strong></span> <span class='ocrx_word' id='word_1_31' title='bbox 387 306 653 346; x_wconf 78' lang='lat' dir='ltr'><strong>successisset.</strong></span> <span class='ocrx_word' id='word_1_32' title='bbox 694 306 809 346; x_wconf 88' lang='lat' dir='ltr'><strong>simul</strong></span> <span class='ocrx_word' id='word_1_33' title='bbox 839 306 885 345; x_wconf 85' lang='lat' dir='ltr'><strong>ab</strong></span> <span class='ocrx_word' id='word_1_34' title='bbox 909 306 1053 358; x_wconf 88' lang='lat' dir='ltr'><strong>oppido</strong></span> <span class='ocrx_word' id='word_1_35' title='bbox 1076 306 1228 346; x_wconf 82' lang='lat' dir='ltr'><strong>Aebura</strong></span> <span class='ocrx_word' id='word_1_36' title='bbox 1249 308 1316 358; x_wconf 87' lang='lat' dir='ltr'><strong>qui</strong></span> <span class='ocrx_word' id='word_1_37' title='bbox 1337 306 1377 345; x_wconf 93' lang='lat' dir='ltr'><strong>in</strong></span> <span class='ocrx_word' id='word_1_38' title='bbox 1401 306 1594 358; x_wconf 88' lang='lat' dir='ltr'><strong>praesidio</strong></span> 
     </span>
     <span class='ocr_line' id='line_1_7' title="bbox 166 362 1593 415; baseline -0.001 -13"><span class='ocrx_word' id='word_1_39' title='bbox 166 364 287 403; x_wconf 80' lang='lat' dir='ltr'><strong>relicti</strong></span> <span class='ocrx_word' id='word_1_40' title='bbox 319 369 429 402; x_wconf 84' lang='lat' dir='ltr'><strong>erant</strong></span> <span class='ocrx_word' id='word_1_41' title='bbox 459 364 498 402; x_wconf 91' lang='lat' dir='ltr'><strong>in</strong></span> <span class='ocrx_word' id='word_1_42' title='bbox 530 363 657 402; x_wconf 88' lang='lat' dir='ltr'><strong>medio</strong></span> <span class='ocrx_word' id='word_1_43' title='bbox 688 365 825 412; x_wconf 85' lang='lat' dir='ltr'><strong>ardore</strong></span> <span class='ocrx_word' id='word_1_44' title='bbox 855 375 1012 415; x_wconf 84' lang='lat' dir='ltr'><strong>pugnae</strong></span> <span class='ocrx_word' id='word_1_45' title='bbox 1034 364 1296 412; x_wconf 89' lang='lat' dir='ltr'><strong>advenerunt,</strong></span> <span class='ocrx_word' id='word_1_46' title='bbox 1320 370 1357 403; x_wconf 90' lang='lat' dir='ltr'><strong>et</strong></span> <span class='ocrx_word' id='word_1_47' title='bbox 1379 363 1525 402; x_wconf 84' lang='lat' dir='ltr'><strong>Acilius</strong></span> <span class='ocrx_word' id='word_1_48' title='bbox 1547 362 1593 402; x_wconf 91' lang='lat' dir='ltr'><strong>ab</strong></span> 
     </span>
     <span class='ocr_line' id='line_1_8' title="bbox 124 420 1595 473; baseline 0 -14"><span class='ocrx_word' id='word_1_49' title='bbox 124 427 143 460; x_wconf 83' lang='lat'>6</span> <span class='ocrx_word' id='word_1_50' title='bbox 164 427 272 471; x_wconf 86' lang='lat' dir='ltr'><strong>tergo</strong></span> <span class='ocrx_word' id='word_1_51' title='bbox 291 426 384 460; x_wconf 87' lang='lat' dir='ltr'><strong>erat.</strong></span> <span class='ocrx_word' id='word_1_52' title='bbox 417 420 481 459; x_wconf 91' lang='lat' dir='ltr'><strong>diu</strong></span> <span class='ocrx_word' id='word_1_53' title='bbox 500 421 538 460; x_wconf 91' lang='lat' dir='ltr'><strong>in</strong></span> <span class='ocrx_word' id='word_1_54' title='bbox 557 421 685 460; x_wconf 89' lang='lat' dir='ltr'><strong>medio</strong></span> <span class='ocrx_word' id='word_1_55' title='bbox 708 421 807 460; x_wconf 85' lang='lat' dir='ltr'><strong>caesi</strong></span> <span class='ocrx_word' id='word_1_56' title='bbox 827 420 1029 466; x_wconf 86' lang='lat' dir='ltr'><strong>Celtiberi;</strong></span> <span class='ocrx_word' id='word_1_57' title='bbox 1053 421 1119 472; x_wconf 92' lang='lat' dir='ltr'><strong>qui</strong></span> <span class='ocrx_word' id='word_1_58' title='bbox 1141 427 1374 473; x_wconf 85' lang='lat' dir='ltr'><strong>supererant</strong></span> <span class='ocrx_word' id='word_1_59' title='bbox 1396 421 1436 460; x_wconf 88' lang='lat' dir='ltr'><strong>in</strong></span> <span class='ocrx_word' id='word_1_60' title='bbox 1459 432 1595 459; x_wconf 87' lang='lat' dir='ltr'><strong>omnes</strong></span> 
     </span>
     <span class='ocr_line' id='line_1_9' title="bbox 165 476 1596 530; baseline -0.001 -14"><span class='ocrx_word' id='word_1_61' title='bbox 165 478 308 530; x_wconf 82' lang='lat' dir='ltr'><strong>passim</strong></span> <span class='ocrx_word' id='word_1_62' title='bbox 340 484 469 529; x_wconf 82' lang='lat' dir='ltr'><strong>partes</strong></span> <span class='ocrx_word' id='word_1_63' title='bbox 501 484 712 529; x_wconf 84' lang='lat' dir='ltr'><strong>capessunt</strong></span> <span class='ocrx_word' id='word_1_64' title='bbox 742 478 885 529; x_wconf 85' lang='lat' dir='ltr'><strong>fugam.</strong></span> <span class='ocrx_word' id='word_1_65' title='bbox 936 478 1086 529; x_wconf 84' lang='lat' dir='ltr'><strong>equites</strong></span> <span class='ocrx_word' id='word_1_66' title='bbox 1107 477 1290 530; x_wconf 87' lang='lat' dir='ltr'><strong>bipartito</strong></span> <span class='ocrx_word' id='word_1_67' title='bbox 1312 478 1351 517; x_wconf 92' lang='lat' dir='ltr'><strong>in</strong></span> <span class='ocrx_word' id='word_1_68' title='bbox 1376 490 1442 517; x_wconf 92' lang='lat' dir='ltr'><strong>eos</strong></span> <span class='ocrx_word' id='word_1_69' title='bbox 1464 476 1596 517; x_wconf 90' lang='lat' dir='ltr'><strong>emissi</strong></span> 
     </span>
     <span class='ocr_line' id='line_1_10' title="bbox 164 534 1597 586; baseline -0.001 -12"><span class='ocrx_word' id='word_1_70' title='bbox 164 547 343 586; x_wconf 81' lang='lat' dir='ltr'><strong>magnam</strong></span> <span class='ocrx_word' id='word_1_71' title='bbox 375 535 531 574; x_wconf 89' lang='lat' dir='ltr'><strong>caedem</strong></span> <span class='ocrx_word' id='word_1_72' title='bbox 563 535 731 574; x_wconf 80' lang='lat' dir='ltr'><strong>edidere.</strong></span> <span class='ocrx_word' id='word_1_73' title='bbox 782 535 826 574; x_wconf 89' lang='lat' dir='ltr'><strong>ad</strong></span> <span class='ocrx_word' id='word_1_74' title='bbox 857 534 993 585; x_wconf 86' lang='lat' dir='ltr'><strong>viginti</strong></span> <span class='ocrx_word' id='word_1_75' title='bbox 1024 535 1095 574; x_wconf 83' lang='lat' dir='ltr'><strong>tria</strong></span> <span class='ocrx_word' id='word_1_76' title='bbox 1129 535 1231 574; x_wconf 87' lang='lat' dir='ltr'><strong>milia</strong></span> <span class='ocrx_word' id='word_1_77' title='bbox 1262 535 1434 574; x_wconf 88' lang='lat' dir='ltr'><strong>hostium</strong></span> <span class='ocrx_word' id='word_1_78' title='bbox 1466 547 1511 573; x_wconf 88' lang='lat' dir='ltr'><strong>eo</strong></span> <span class='ocrx_word' id='word_1_79' title='bbox 1536 534 1597 573; x_wconf 88' lang='lat' dir='ltr'><strong>die</strong></span> 
     </span>
     <span class='ocr_line' id='line_1_11' title="bbox 165 590 1597 644; baseline -0.001 -13"><span class='ocrx_word' id='word_1_80' title='bbox 165 592 306 640; x_wconf 85' lang='lat' dir='ltr'><strong>occisa,</strong></span> <span class='ocrx_word' id='word_1_81' title='bbox 323 598 432 643; x_wconf 84' lang='lat' dir='ltr'><strong>capta</strong></span> <span class='ocrx_word' id='word_1_82' title='bbox 449 597 633 643; x_wconf 82' lang='lat' dir='ltr'><strong>quattuor</strong></span> <span class='ocrx_word' id='word_1_83' title='bbox 648 593 750 631; x_wconf 86' lang='lat' dir='ltr'><strong>milia</strong></span> <span class='ocrx_word' id='word_1_84' title='bbox 768 592 1007 643; x_wconf 74' lang='lat' dir='ltr'><strong>septingenti</strong></span> <span class='ocrx_word' id='word_1_85' title='bbox 1027 604 1114 631; x_wconf 90' lang='lat' dir='ltr'><strong>cum</strong></span> <span class='ocrx_word' id='word_1_86' title='bbox 1133 592 1244 644; x_wconf 88' lang='lat' dir='ltr'><strong>equis</strong></span> <span class='ocrx_word' id='word_1_87' title='bbox 1259 592 1349 644; x_wconf 91' lang='lat' dir='ltr'><strong>plus</strong></span> <span class='ocrx_word' id='word_1_88' title='bbox 1369 590 1597 644; x_wconf 80' lang='lat' dir='ltr'><strong>quingentis</strong></span> 
     </span>
     <span class='ocr_line' id='line_1_12' title="bbox 123 648 1596 701; baseline 0 -14"><span class='ocrx_word' id='word_1_89' title='bbox 123 655 140 687; x_wconf 86' lang='lat'><strong>7</strong></span> <span class='ocrx_word' id='word_1_90' title='bbox 164 656 200 688; x_wconf 91' lang='lat' dir='ltr'><strong>et</strong></span> <span class='ocrx_word' id='word_1_91' title='bbox 221 649 330 701; x_wconf 86' lang='lat' dir='ltr'><strong>signa</strong></span> <span class='ocrx_word' id='word_1_92' title='bbox 352 649 529 688; x_wconf 87' lang='lat' dir='ltr'><strong>militaria</strong></span> <span class='ocrx_word' id='word_1_93' title='bbox 553 649 751 700; x_wconf 87' lang='lat' dir='ltr'><strong>octoginta</strong></span> <span class='ocrx_word' id='word_1_94' title='bbox 773 655 873 688; x_wconf 89' lang='lat' dir='ltr'><strong>octo.</strong></span> <span class='ocrx_word' id='word_1_95' title='bbox 910 661 1050 700; x_wconf 81' lang='lat' dir='ltr'><strong>magna</strong></span> <span class='ocrx_word' id='word_1_96' title='bbox 1071 649 1249 696; x_wconf 83' lang='lat' dir='ltr'><strong>victoria,</strong></span> <span class='ocrx_word' id='word_1_97' title='bbox 1282 662 1361 689; x_wconf 90' lang='lat' dir='ltr'><strong>non</strong></span> <span class='ocrx_word' id='word_1_98' title='bbox 1382 657 1512 688; x_wconf 86' lang='lat' dir='ltr'><strong>tamen</strong></span> <span class='ocrx_word' id='word_1_99' title='bbox 1534 648 1596 687; x_wconf 82' lang='lat' dir='ltr'><strong>in·-</strong></span> 
     </span>
     <span class='ocr_line' id='line_1_13' title="bbox 165 706 1595 759; baseline -0.001 -14"><span class='ocrx_word' id='word_1_100' title='bbox 165 712 324 745; x_wconf 83' lang='lat' dir='ltr'><strong>cruenta</strong></span> <span class='ocrx_word' id='word_1_101' title='bbox 341 706 434 753; x_wconf 86' lang='lat' dir='ltr'><strong>fuit;</strong></span> <span class='ocrx_word' id='word_1_102' title='bbox 458 706 623 745; x_wconf 83' lang='lat' dir='ltr'><strong>Romani</strong></span> <span class='ocrx_word' id='word_1_103' title='bbox 639 707 782 746; x_wconf 85' lang='lat' dir='ltr'><strong>milites</strong></span> <span class='ocrx_word' id='word_1_104' title='bbox 800 707 846 745; x_wconf 91' lang='lat' dir='ltr'><strong>de</strong></span> <span class='ocrx_word' id='word_1_105' title='bbox 864 706 1015 745; x_wconf 86' lang='lat' dir='ltr'><strong>duabus</strong></span> <span class='ocrx_word' id='word_1_106' title='bbox 1032 706 1253 757; x_wconf 86' lang='lat' dir='ltr'><strong>legionibus</strong></span> <span class='ocrx_word' id='word_1_107' title='bbox 1274 707 1389 759; x_wconf 85' lang='lat' dir='ltr'><strong>paulo</strong></span> <span class='ocrx_word' id='word_1_108' title='bbox 1412 707 1501 759; x_wconf 87' lang='lat' dir='ltr'><strong>plus</strong></span> <span class='ocrx_word' id='word_1_109' title='bbox 1523 706 1595 744; x_wconf 87' lang='lat' dir='ltr'><strong>du-</strong></span> 
     </span>
     <span class='ocr_line' id='line_1_14' title="bbox 165 763 1596 814; baseline -0.001 -12"><span class='ocrx_word' id='word_1_110' title='bbox 165 764 281 811; x_wconf 86' lang='lat' dir='ltr'><strong>centi,</strong></span> <span class='ocrx_word' id='word_1_111' title='bbox 299 763 449 802; x_wconf 87' lang='lat' dir='ltr'><strong>socium</strong></span> <span class='ocrx_word' id='word_1_112' title='bbox 461 763 586 802; x_wconf 88' lang='lat' dir='ltr'><strong>Latini</strong></span> <span class='ocrx_word' id='word_1_113' title='bbox 608 763 779 802; x_wconf 88' lang='lat' dir='ltr'><strong>nominis</strong></span> <span class='ocrx_word' id='word_1_114' title='bbox 792 763 1008 814; x_wconf 81' lang='lat' dir='ltr'><strong>octingenti</strong></span> <span class='ocrx_word' id='word_1_115' title='bbox 1026 763 1197 814; x_wconf 86' lang='lat' dir='ltr'><strong>triginta,</strong></span> <span class='ocrx_word' id='word_1_116' title='bbox 1215 769 1469 803; x_wconf 86' lang='lat' dir='ltr'><strong>externorum</strong></span> <span class='ocrx_word' id='word_1_117' title='bbox 1487 763 1596 802; x_wconf 86' lang='lat' dir='ltr'><strong>auxi-</strong></span> 
     </span>
     <span class='ocr_line' id='line_1_15' title="bbox 123 820 1595 872; baseline -0.001 -12"><span class='ocrx_word' id='word_1_118' title='bbox 123 826 142 860; x_wconf 88' lang='lat'>8</span> <span class='ocrx_word' id='word_1_119' title='bbox 163 820 315 860; x_wconf 87' lang='lat' dir='ltr'><strong>liarium</strong></span> <span class='ocrx_word' id='word_1_120' title='bbox 347 821 468 859; x_wconf 85' lang='lat' dir='ltr'><strong>ferme</strong></span> <span class='ocrx_word' id='word_1_121' title='bbox 498 821 575 859; x_wconf 91' lang='lat' dir='ltr'><strong>duo</strong></span> <span class='ocrx_word' id='word_1_122' title='bbox 607 821 710 859; x_wconf 81' lang='lat' dir='ltr'><strong>milia</strong></span> <span class='ocrx_word' id='word_1_123' title='bbox 737 826 774 860; x_wconf 92' lang='lat' dir='ltr'><strong>et</strong></span> <span class='ocrx_word' id='word_1_124' title='bbox 795 820 1072 872; x_wconf 84' lang='lat' dir='ltr'><strong>quadringenti</strong></span> <span class='ocrx_word' id='word_1_125' title='bbox 1094 821 1334 860; x_wconf 91' lang='lat' dir='ltr'><strong>ceciderunt.</strong></span> <span class='ocrx_word' id='word_1_126' title='bbox 1375 827 1534 872; x_wconf 87' lang='lat' dir='ltr'><strong>praetor</strong></span> <span class='ocrx_word' id='word_1_127' title='bbox 1555 820 1595 859; x_wconf 94' lang='lat' dir='ltr'><strong>in</strong></span> 
     </span>
     <span class='ocr_line' id='line_1_16' title="bbox 165 877 1597 930; baseline 0 -14"><span class='ocrx_word' id='word_1_128' title='bbox 165 885 288 916; x_wconf 84' lang='lat' dir='ltr'><strong>castra</strong></span> <span class='ocrx_word' id='word_1_129' title='bbox 306 878 491 917; x_wconf 88' lang='lat' dir='ltr'><strong>victorem</strong></span> <span class='ocrx_word' id='word_1_130' title='bbox 509 878 720 917; x_wconf 82' lang='lat' dir='ltr'><strong>exercitum</strong></span> <span class='ocrx_word' id='word_1_131' title='bbox 744 878 909 924; x_wconf 85' lang='lat' dir='ltr'><strong>reduxit,</strong></span> <span class='ocrx_word' id='word_1_132' title='bbox 934 877 1080 916; x_wconf 84' lang='lat' dir='ltr'><strong>Acilius</strong></span> <span class='ocrx_word' id='word_1_133' title='bbox 1101 890 1258 917; x_wconf 86' lang='lat' dir='ltr'><strong>manere</strong></span> <span class='ocrx_word' id='word_1_134' title='bbox 1280 878 1319 916; x_wconf 92' lang='lat' dir='ltr'><strong>in</strong></span> <span class='ocrx_word' id='word_1_135' title='bbox 1342 878 1466 930; x_wconf 87' lang='lat' dir='ltr'><strong>captis</strong></span> <span class='ocrx_word' id='word_1_136' title='bbox 1487 877 1533 916; x_wconf 89' lang='lat' dir='ltr'><strong>ab</strong></span> <span class='ocrx_word' id='word_1_137' title='bbox 1556 889 1597 916; x_wconf 92' lang='lat' dir='ltr'><strong>se</strong></span> 
     </span>
     <span class='ocr_line' id='line_1_17' title="bbox 164 934 1596 987; baseline -0.001 -14"><span class='ocrx_word' id='word_1_138' title='bbox 164 935 300 974; x_wconf 84' lang='lat' dir='ltr'><strong>castris</strong></span> <span class='ocrx_word' id='word_1_139' title='bbox 330 935 474 974; x_wconf 87' lang='lat' dir='ltr'><strong>iussus.</strong></span> <span class='ocrx_word' id='word_1_140' title='bbox 525 941 683 986; x_wconf 79' lang='lat' dir='ltr'><strong>postero</strong></span> <span class='ocrx_word' id='word_1_141' title='bbox 714 935 774 974; x_wconf 84' lang='lat' dir='ltr'><strong>die</strong></span> <span class='ocrx_word' id='word_1_142' title='bbox 804 934 928 987; x_wconf 86' lang='lat' dir='ltr'><strong>spolia</strong></span> <span class='ocrx_word' id='word_1_143' title='bbox 959 935 1005 973; x_wconf 89' lang='lat' dir='ltr'><strong>de</strong></span> <span class='ocrx_word' id='word_1_144' title='bbox 1026 935 1206 974; x_wconf 84' lang='lat' dir='ltr'><strong>hostibus</strong></span> <span class='ocrx_word' id='word_1_145' title='bbox 1227 935 1325 974; x_wconf 86' lang='lat' dir='ltr'><strong>lecta</strong></span> <span class='ocrx_word' id='word_1_146' title='bbox 1347 940 1385 974; x_wconf 89' lang='lat' dir='ltr'><strong>et</strong></span> <span class='ocrx_word' id='word_1_147' title='bbox 1404 947 1477 986; x_wconf 87' lang='lat' dir='ltr'><strong>pro</strong></span> <span class='ocrx_word' id='word_1_148' title='bbox 1500 946 1596 973; x_wconf 90' lang='lat' dir='ltr'><strong>con-</strong></span> 
     </span>
     <span class='ocr_line' id='line_1_18' title="bbox 164 992 1118 1043; baseline 0 -13"><span class='ocrx_word' id='word_1_149' title='bbox 164 992 270 1031; x_wconf 88' lang='lat' dir='ltr'><strong>tione</strong></span> <span class='ocrx_word' id='word_1_150' title='bbox 291 992 435 1040; x_wconf 88' lang='lat' dir='ltr'><strong>donati,</strong></span> <span class='ocrx_word' id='word_1_151' title='bbox 458 1004 627 1043; x_wconf 86' lang='lat' dir='ltr'><strong>quorum</strong></span> <span class='ocrx_word' id='word_1_152' title='bbox 649 992 816 1043; x_wconf 85' lang='lat' dir='ltr'><strong>insignis</strong></span> <span class='ocrx_word' id='word_1_153' title='bbox 838 993 960 1031; x_wconf 85' lang='lat' dir='ltr'><strong>virtus</strong></span> <span class='ocrx_word' id='word_1_154' title='bbox 981 993 1118 1031; x_wconf 84' lang='lat' dir='ltr'><strong>suerat.</strong></span> 
     </span>
    </p>
   </div>
   <div class='ocr_carea' id='block_1_5' title="bbox 103 1051 152 1087">
    <p class='ocr_par' dir='ltr' id='par_1_5' title="bbox 103 1051 152 1087">
     <span class='ocr_line' id='line_1_19' title="bbox 103 1051 152 1087; baseline 0 0"><span class='ocrx_word' id='word_1_155' title='bbox 103 1051 152 1087; x_wconf 83' lang='lat'><strong>33</strong></span> 
     </span>
    </p>
   </div>
   <div class='ocr_carea' id='block_1_6' title="bbox 279 1046 1637 1101">
    <p class='ocr_par' dir='ltr' id='par_1_6' title="bbox 279 1046 1637 1101">
     <span class='ocr_line' id='line_1_20' title="bbox 279 1046 1637 1101; baseline -0.001 -13"><span class='ocrx_word' id='word_1_156' title='bbox 279 1049 429 1088; x_wconf 85' lang='lat' dir='ltr'><strong>Sauciis</strong></span> <span class='ocrx_word' id='word_1_157' title='bbox 459 1049 599 1088; x_wconf 88' lang='lat' dir='ltr'><strong>deinde</strong></span> <span class='ocrx_word' id='word_1_158' title='bbox 629 1049 668 1088; x_wconf 93' lang='lat' dir='ltr'><strong>in</strong></span> <span class='ocrx_word' id='word_1_159' title='bbox 698 1049 885 1101; x_wconf 90' lang='lat' dir='ltr'><strong>oppidum</strong></span> <span class='ocrx_word' id='word_1_160' title='bbox 909 1049 1102 1088; x_wconf 81' lang='lat' dir='ltr'><strong>Aeburam</strong></span> <span class='ocrx_word' id='word_1_161' title='bbox 1133 1048 1301 1088; x_wconf 83' lang='lat' dir='ltr'><strong>devectis</strong></span> <span class='ocrx_word' id='word_1_162' title='bbox 1322 1061 1394 1100; x_wconf 88' lang='lat' dir='ltr'><strong>per</strong></span> <span class='ocrx_word' id='word_1_163' title='bbox 1415 1046 1596 1100; x_wconf 87' lang='lat' dir='ltr'><strong>Carpeta-</strong></span> <span class='ocrx_word' id='word_1_164' title='bbox 1634 1070 1637 1073; x_wconf 23' lang='grc' dir='ltr'><em>κ</em></span> 
     </span>
    </p>
   </div>
   <div class='ocr_carea' id='block_1_7' title="bbox 123 1104 1598 1386">
    <p class='ocr_par' dir='ltr' id='par_1_7' title="bbox 123 1104 1598 1328">
     <span class='ocr_line' id='line_1_21' title="bbox 123 1104 1597 1157; baseline 0 -13"><span class='ocrx_word' id='word_1_165' title='bbox 123 1113 142 1144; x_wconf 77' lang='lat'><strong>2</strong></span> <span class='ocrx_word' id='word_1_166' title='bbox 165 1106 266 1145; x_wconf 86' lang='lat' dir='ltr'><strong>niam</strong></span> <span class='ocrx_word' id='word_1_167' title='bbox 287 1106 332 1145; x_wconf 89' lang='lat' dir='ltr'><strong>ad</strong></span> <span class='ocrx_word' id='word_1_168' title='bbox 352 1104 600 1145; x_wconf 87' lang='lat' dir='ltr'><strong>Contrebiam</strong></span> <span class='ocrx_word' id='word_1_169' title='bbox 623 1107 762 1145; x_wconf 86' lang='lat' dir='ltr'><strong>ductae</strong></span> <span class='ocrx_word' id='word_1_170' title='bbox 782 1106 970 1157; x_wconf 86' lang='lat' dir='ltr'><strong>legiones.</strong></span> <span class='ocrx_word' id='word_1_171' title='bbox 1007 1119 1048 1145; x_wconf 85' lang='lat' dir='ltr'><strong>ea</strong></span> <span class='ocrx_word' id='word_1_172' title='bbox 1070 1105 1165 1145; x_wconf 89' lang='lat' dir='ltr'><strong>urbs</strong></span> <span class='ocrx_word' id='word_1_173' title='bbox 1187 1106 1445 1145; x_wconf 86' lang='lat' dir='ltr'><strong>circumsessa</strong></span> <span class='ocrx_word' id='word_1_174' title='bbox 1467 1117 1554 1144; x_wconf 89' lang='lat' dir='ltr'><strong>cum</strong></span> <span class='ocrx_word' id='word_1_175' title='bbox 1578 1117 1597 1144; x_wconf 83' lang='lat' dir='ltr'><strong>a</strong></span> 
     </span>
     <span class='ocr_line' id='line_1_22' title="bbox 166 1162 1598 1214; baseline -0.001 -12"><span class='ocrx_word' id='word_1_176' title='bbox 166 1163 366 1202; x_wconf 83' lang='lat' dir='ltr'><strong>Celtiberis</strong></span> <span class='ocrx_word' id='word_1_177' title='bbox 389 1164 529 1202; x_wconf 84' lang='lat' dir='ltr'><strong>auxilia</strong></span> <span class='ocrx_word' id='word_1_178' title='bbox 550 1164 788 1212; x_wconf 77' lang='lat' dir='ltr'><strong>arcessisset,</strong></span> <span class='ocrx_word' id='word_1_179' title='bbox 810 1163 1054 1202; x_wconf 83' lang='lat' dir='ltr'><strong>morantibus</strong></span> <span class='ocrx_word' id='word_1_180' title='bbox 1076 1163 1136 1210; x_wconf 77' lang='lat' dir='ltr'><strong>iis,</strong></span> <span class='ocrx_word' id='word_1_181' title='bbox 1158 1175 1239 1202; x_wconf 88' lang='lat' dir='ltr'><strong>non</strong></span> <span class='ocrx_word' id='word_1_182' title='bbox 1263 1162 1352 1214; x_wconf 86' lang='lat' dir='ltr'><strong>quia</strong></span> <span class='ocrx_word' id='word_1_183' title='bbox 1374 1162 1449 1214; x_wconf 90' lang='lat' dir='ltr'><strong>ipsi</strong></span> <span class='ocrx_word' id='word_1_184' title='bbox 1472 1174 1598 1201; x_wconf 84' lang='lat' dir='ltr'><strong>cunc-</strong></span> 
     </span>
     <span class='ocr_line' id='line_1_23' title="bbox 164 1219 1596 1272; baseline -0.001 -13"><span class='ocrx_word' id='word_1_185' title='bbox 164 1220 230 1259; x_wconf 88' lang='lat' dir='ltr'><strong>tati</strong></span> <span class='ocrx_word' id='word_1_186' title='bbox 261 1226 373 1268; x_wconf 86' lang='lat' dir='ltr'><strong>sunt,</strong></span> <span class='ocrx_word' id='word_1_187' title='bbox 405 1220 472 1259; x_wconf 88' lang='lat' dir='ltr'><strong>sed</strong></span> <span class='ocrx_word' id='word_1_188' title='bbox 503 1220 591 1271; x_wconf 81' lang='lat' dir='ltr'><strong>quia</strong></span> <span class='ocrx_word' id='word_1_189' title='bbox 621 1220 820 1272; x_wconf 79' lang='lat' dir='ltr'><strong>profectos</strong></span> <span class='ocrx_word' id='word_1_190' title='bbox 850 1220 964 1259; x_wconf 91' lang='lat' dir='ltr'><strong>domo</strong></span> <span class='ocrx_word' id='word_1_191' title='bbox 987 1219 1279 1272; x_wconf 78' lang='lat' dir='ltr'><strong>inexplicabiles</strong></span> <span class='ocrx_word' id='word_1_192' title='bbox 1302 1219 1502 1258; x_wconf 86' lang='lat' dir='ltr'><strong>continuis</strong></span> <span class='ocrx_word' id='word_1_193' title='bbox 1523 1219 1596 1258; x_wconf 90' lang='lat' dir='ltr'><strong>im-</strong></span> 
     </span>
     <span class='ocr_line' id='line_1_24' title="bbox 162 1276 1596 1328; baseline -0.001 -13"><span class='ocrx_word' id='word_1_194' title='bbox 162 1277 299 1316; x_wconf 84' lang='lat' dir='ltr'><strong>bribus</strong></span> <span class='ocrx_word' id='word_1_195' title='bbox 330 1278 410 1316; x_wconf 85' lang='lat' dir='ltr'><strong>viae</strong></span> <span class='ocrx_word' id='word_1_196' title='bbox 441 1283 477 1316; x_wconf 89' lang='lat' dir='ltr'><strong>et</strong></span> <span class='ocrx_word' id='word_1_197' title='bbox 502 1278 622 1316; x_wconf 75' lang='lat' dir='ltr'><strong>inflati</strong></span> <span class='ocrx_word' id='word_1_198' title='bbox 645 1290 780 1316; x_wconf 84' lang='lat' dir='ltr'><strong>amnes</strong></span> <span class='ocrx_word' id='word_1_199' title='bbox 802 1277 1009 1325; x_wconf 85' lang='lat' dir='ltr'><strong>tenebant,</strong></span> <span class='ocrx_word' id='word_1_200' title='bbox 1041 1276 1245 1328; x_wconf 87' lang='lat' dir='ltr'><strong>desperato</strong></span> <span class='ocrx_word' id='word_1_201' title='bbox 1268 1277 1411 1316; x_wconf 88' lang='lat' dir='ltr'><strong>auxilio</strong></span> <span class='ocrx_word' id='word_1_202' title='bbox 1433 1288 1596 1315; x_wconf 89' lang='lat' dir='ltr'><strong>suorum</strong></span> 
     </span>
    </p>

    <p class='ocr_par' dir='ltr' id='par_1_8' title="bbox 125 1333 1597 1386">
     <span class='ocr_line' id='line_1_25' title="bbox 125 1333 1597 1386; baseline 0 -14"><span class='ocrx_word' id='word_1_203' title='bbox 125 1345 142 1377; x_wconf 87' lang='lat'><strong>3</strong></span> <span class='ocrx_word' id='word_1_204' title='bbox 162 1334 200 1373; x_wconf 90' lang='lat' dir='ltr'><strong>in</strong></span> <span class='ocrx_word' id='word_1_205' title='bbox 220 1334 455 1374; x_wconf 87' lang='lat' dir='ltr'><strong>deditionem</strong></span> <span class='ocrx_word' id='word_1_206' title='bbox 471 1335 587 1374; x_wconf 81' lang='lat' dir='ltr'><strong>venit.</strong></span> <span class='ocrx_word' id='word_1_207' title='bbox 620 1334 781 1373; x_wconf 85' lang='lat' dir='ltr'><strong>Flaccus</strong></span> <span class='ocrx_word' id='word_1_208' title='bbox 799 1347 958 1386; x_wconf 91' lang='lat' dir='ltr'><strong>quoque</strong></span> <span class='ocrx_word' id='word_1_209' title='bbox 974 1333 1271 1386; x_wconf 88' lang='lat' dir='ltr'><strong>tempestatibus</strong></span> <span class='ocrx_word' id='word_1_210' title='bbox 1291 1334 1416 1373; x_wconf 87' lang='lat' dir='ltr'><strong>foedis</strong></span> <span class='ocrx_word' id='word_1_211' title='bbox 1438 1338 1597 1372; x_wconf 87' lang='lat' dir='ltr'><strong>coactus</strong></span> 
     </span>
    </p>
   </div>
   <div class='ocr_carea' id='block_1_8' title="bbox 162 1412 847 2592">
    <p class='ocr_par' dir='ltr' id='par_1_9' title="bbox 162 1412 846 1910">
     <span class='ocr_line' id='line_1_26' title="bbox 162 1412 843 1454; baseline 0.001 -10"><span class='ocrx_word' id='word_1_212' title='bbox 162 1422 253 1452; x_wconf 75' lang='lat' dir='ltr'>vum,</span> <span class='ocrx_word' id='word_1_213' title='bbox 279 1412 323 1444; x_wconf 91' lang='lat' dir='ltr'><strong>im</strong></span> <span class='ocrx_word' id='word_1_214' title='bbox 342 1412 434 1454; x_wconf 82' lang='lat' dir='ltr'><strong>Folg.</strong></span> <span class='ocrx_word' id='word_1_215' title='bbox 459 1414 643 1443; x_wconf 72' lang='lat' dir='ltr'><strong>sinistrum</strong></span> <span class='ocrx_word' id='word_1_216' title='bbox 668 1422 724 1444; x_wconf 91' lang='lat' dir='ltr'><strong>um</strong></span> <span class='ocrx_word' id='word_1_217' title='bbox 743 1412 843 1445; x_wconf 85' lang='lat' dir='ltr'><strong>abzu-</strong></span> 
     </span>
     <span class='ocr_line' id='line_1_27' title="bbox 162 1457 842 1500; baseline 0 -10"><span class='ocrx_word' id='word_1_218' title='bbox 162 1458 345 1490; x_wconf 77' lang='lat' dir='ltr'><strong>wecliseln.</strong></span> <span class='ocrx_word' id='word_1_219' title='bbox 360 1477 404 1481; x_wconf 81' lang='lat'><strong>——</strong></span> <span class='ocrx_word' id='word_1_220' title='bbox 421 1460 477 1489; x_wconf 72' lang='lat' dir='ltr'><strong>sni</strong></span> <span class='ocrx_word' id='word_1_221' title='bbox 498 1468 591 1500; x_wconf 54' lang='lat' dir='ltr'><strong>geru,</strong></span> <span class='ocrx_word' id='word_1_222' title='bbox 617 1457 701 1490; x_wconf 86' lang='lat' dir='ltr'><strong>dazu</strong></span> <span class='ocrx_word' id='word_1_223' title='bbox 721 1458 765 1491; x_wconf 82' lang='lat' dir='ltr'><strong>ist</strong></span> <span class='ocrx_word' id='word_1_224' title='bbox 783 1468 842 1490; x_wconf 85' lang='lat' dir='ltr'><strong>aus</strong></span> 
     </span>
     <span class='ocr_line' id='line_1_28' title="bbox 163 1503 843 1546; baseline 0 -11"><span class='ocrx_word' id='word_1_225' title='bbox 163 1504 304 1536; x_wconf 62' lang='lat' dir='ltr'><strong>aua-ilia</strong></span> <span class='ocrx_word' id='word_1_226' title='bbox 346 1503 403 1536; x_wconf 90' lang='lat' dir='ltr'><strong>der</strong></span> <span class='ocrx_word' id='word_1_227' title='bbox 440 1503 570 1545; x_wconf 76' lang='lat' dir='ltr'><strong>Begrifl&#39;</strong></span> <span class='ocrx_word' id='word_1_228' title='bbox 604 1503 765 1546; x_wconf 88' lang='lat' dir='ltr'><strong>Truppen</strong></span> <span class='ocrx_word' id='word_1_229' title='bbox 803 1514 843 1535; x_wconf 87' lang='lat' dir='ltr'><strong>zu</strong></span> 
     </span>
     <span class='ocr_line' id='line_1_29' title="bbox 163 1548 845 1591; baseline 0 -10"><span class='ocrx_word' id='word_1_230' title='bbox 163 1549 386 1587; x_wconf 79' lang='lat' dir='ltr'><strong>entnehmen,</strong></span> <span class='ocrx_word' id='word_1_231' title='bbox 411 1551 574 1591; x_wconf 77' lang='lat' dir='ltr'><strong>provinc.</strong></span> <span class='ocrx_word' id='word_1_232' title='bbox 616 1560 701 1581; x_wconf 65' lang='lat' dir='ltr'><strong>aaa).</strong></span> <span class='ocrx_word' id='word_1_233' title='bbox 737 1548 845 1581; x_wconf 71' lang='lat' dir='ltr'><strong>erkla-</strong></span> 
     </span>
     <span class='ocr_line' id='line_1_30' title="bbox 162 1594 844 1631; baseline 0 -4"><span class='ocrx_word' id='word_1_234' title='bbox 162 1594 261 1627; x_wconf 83' lang='lat' dir='ltr'><strong>rcnd:</strong></span> <span class='ocrx_word' id='word_1_235' title='bbox 288 1595 434 1627; x_wconf 70' lang='lat' dir='ltr'><strong>nanilicli</strong></span> <span class='ocrx_word' id='word_1_236' title='bbox 459 1605 564 1631; x_wconf 73' lang='lat' dir='ltr'><strong>iisw.;</strong></span> <span class='ocrx_word' id='word_1_237' title='bbox 591 1595 640 1627; x_wconf 85' lang='lat' dir='ltr'><strong>als</strong></span> <span class='ocrx_word' id='word_1_238' title='bbox 666 1595 754 1627; x_wconf 82' lang='lat' dir='ltr'><strong>ihrer</strong></span> <span class='ocrx_word' id='word_1_239' title='bbox 778 1595 844 1627; x_wconf 87' lang='lat' dir='ltr'><strong>Na-</strong></span> 
     </span>
     <span class='ocr_line' id='line_1_31' title="bbox 164 1640 843 1682; baseline 0.001 -10"><span class='ocrx_word' id='word_1_240' title='bbox 164 1641 234 1673; x_wconf 84' lang='lat' dir='ltr'><strong>tion</strong></span> <span class='ocrx_word' id='word_1_241' title='bbox 277 1640 463 1682; x_wconf 77' lang='lat' dir='ltr'><strong>angehorig</strong></span> <span class='ocrx_word' id='word_1_242' title='bbox 502 1641 619 1673; x_wconf 84' lang='lat' dir='ltr'><strong>hatten</strong></span> <span class='ocrx_word' id='word_1_243' title='bbox 660 1640 708 1673; x_wconf 83' lang='lat' dir='ltr'><strong>sie</strong></span> <span class='ocrx_word' id='word_1_244' title='bbox 758 1640 843 1673; x_wconf 85' lang='lat' dir='ltr'><strong>auch</strong></span> 
     </span>
     <span class='ocr_line' id='line_1_32' title="bbox 165 1685 846 1728; baseline 0 -10"><span class='ocrx_word' id='word_1_245' title='bbox 165 1686 295 1728; x_wconf 81' lang='lat' dir='ltr'><strong>gleiche</strong></span> <span class='ocrx_word' id='word_1_246' title='bbox 322 1685 563 1728; x_wconf 80' lang='lat' dir='ltr'><strong>Bewaffnung.</strong></span> <span class='ocrx_word' id='word_1_247' title='bbox 590 1696 616 1718; x_wconf 92' lang='lat' dir='ltr'><strong>c.</strong></span> <span class='ocrx_word' id='word_1_248' title='bbox 643 1687 698 1723; x_wconf 82' lang='grc'><strong>40,</strong></span> <span class='ocrx_word' id='word_1_249' title='bbox 725 1688 751 1725; x_wconf 88' lang='grc'><strong>1,</strong></span> <span class='ocrx_word' id='word_1_250' title='bbox 777 1685 846 1718; x_wconf 86' lang='lat' dir='ltr'><strong>und</strong></span> 
     </span>
     <span class='ocr_line' id='line_1_33' title="bbox 165 1731 844 1774; baseline 0 -11"><span class='ocrx_word' id='word_1_251' title='bbox 165 1731 359 1774; x_wconf 81' lang='lat' dir='ltr'><strong>Kampfart,</strong></span> <span class='ocrx_word' id='word_1_252' title='bbox 391 1731 554 1763; x_wconf 63' lang='lat' dir='ltr'><strong>wilhrend</strong></span> <span class='ocrx_word' id='word_1_253' title='bbox 579 1731 611 1763; x_wconf 87' lang='lat' dir='ltr'><strong>in</strong></span> <span class='ocrx_word' id='word_1_254' title='bbox 638 1731 764 1764; x_wconf 83' lang='lat' dir='ltr'><strong>Beiden</strong></span> <span class='ocrx_word' id='word_1_255' title='bbox 791 1731 844 1763; x_wconf 80' lang='lat' dir='ltr'><strong>die</strong></span> 
     </span>
     <span class='ocr_line' id='line_1_34' title="bbox 165 1776 845 1819; baseline 0.001 -11"><span class='ocrx_word' id='word_1_256' title='bbox 165 1776 288 1809; x_wconf 75' lang='lat' dir='ltr'><strong>Romer</strong></span> <span class='ocrx_word' id='word_1_257' title='bbox 300 1777 467 1809; x_wconf 82' lang='lat' dir='ltr'><strong>natiirlich</strong></span> <span class='ocrx_word' id='word_1_258' title='bbox 481 1776 664 1819; x_wconf 76' lang='lat' dir='ltr'><strong>iiberlegen</strong></span> <span class='ocrx_word' id='word_1_259' title='bbox 679 1777 771 1815; x_wconf 81' lang='lat' dir='ltr'><strong>sind;</strong></span> <span class='ocrx_word' id='word_1_260' title='bbox 792 1777 845 1810; x_wconf 87' lang='lat' dir='ltr'><strong>die</strong></span> 
     </span>
     <span class='ocr_line' id='line_1_35' title="bbox 164 1822 844 1855; baseline 0.001 -1"><span class='ocrx_word' id='word_1_261' title='bbox 164 1822 376 1855; x_wconf 87' lang='lat' dir='ltr'><strong>bedeutende</strong></span> <span class='ocrx_word' id='word_1_262' title='bbox 410 1822 491 1855; x_wconf 87' lang='lat' dir='ltr'><strong>Zahl</strong></span> <span class='ocrx_word' id='word_1_263' title='bbox 528 1822 706 1855; x_wconf 81' lang='lat' dir='ltr'><strong>derselben</strong></span> <span class='ocrx_word' id='word_1_264' title='bbox 739 1822 783 1855; x_wconf 77' lang='lat' dir='ltr'><strong>ist</strong></span> <span class='ocrx_word' id='word_1_265' title='bbox 817 1833 844 1855; x_wconf 80' lang='lat' dir='ltr'><strong>c.</strong></span> 
     </span>
     <span class='ocr_line' id='line_1_36' title="bbox 166 1868 486 1910; baseline -0.003 -9"><span class='ocrx_word' id='word_1_266' title='bbox 166 1870 218 1910; x_wconf 85' lang='grc'><strong>30,</strong></span> <span class='ocrx_word' id='word_1_267' title='bbox 237 1870 251 1901; x_wconf 94' lang='grc'><strong>1</strong></span> <span class='ocrx_word' id='word_1_268' title='bbox 279 1868 486 1910; x_wconf 83' lang='lat' dir='ltr'><strong>angegeben.</strong></span> 
     </span>
    </p>

    <p class='ocr_par' dir='ltr' id='par_1_10' title="bbox 166 1914 846 2405">
     <span class='ocr_line' id='line_1_37' title="bbox 211 1914 843 1956; baseline -0.002 -10"><span class='ocrx_word' id='word_1_269' title='bbox 211 1915 310 1947; x_wconf 79' lang='lat'><strong>5-8.</strong></span> <span class='ocrx_word' id='word_1_270' title='bbox 335 1924 445 1956; x_wconf 80' lang='lat' dir='ltr'><strong>prope</strong></span> <span class='ocrx_word' id='word_1_271' title='bbox 463 1925 502 1949; x_wconf 83' lang='lat' dir='ltr'><strong>e..</strong></span> <span class='ocrx_word' id='word_1_272' title='bbox 520 1916 569 1954; x_wconf 80' lang='lat' dir='ltr'><strong>ut,</strong></span> <span class='ocrx_word' id='word_1_273' title='bbox 596 1924 621 1946; x_wconf 86' lang='lat' dir='ltr'><strong>s.</strong></span> <span class='ocrx_word' id='word_1_274' title='bbox 641 1924 668 1945; x_wconf 82' lang='lat' dir='ltr'><strong>c.</strong></span> <span class='ocrx_word' id='word_1_275' title='bbox 687 1915 738 1953; x_wconf 97' lang='grc'><strong>10,</strong></span> <span class='ocrx_word' id='word_1_276' title='bbox 754 1914 783 1945; x_wconf 87' lang='grc'><strong>8.</strong></span> <span class='ocrx_word' id='word_1_277' title='bbox 799 1931 843 1936; x_wconf 92' lang='grc'><strong>-</strong></span> 
     </span>
     <span class='ocr_line' id='line_1_38' title="bbox 166 1959 841 2001; baseline -0.001 -10"><span class='ocrx_word' id='word_1_278' title='bbox 166 1963 299 2001; x_wconf 76' lang='lat' dir='ltr'><strong>erat,—</strong></span> <span class='ocrx_word' id='word_1_279' title='bbox 310 1961 349 1991; x_wconf 71' lang='lat' dir='ltr'><strong>m·</strong></span> <span class='ocrx_word' id='word_1_280' title='bbox 362 1964 438 1994; x_wconf 81' lang='lat' dir='ltr'><strong>cto..</strong></span> <span class='ocrx_word' id='word_1_281' title='bbox 453 1961 484 2000; x_wconf 88' lang='grc'><strong>2,</strong></span> <span class='ocrx_word' id='word_1_282' title='bbox 499 1961 552 2000; x_wconf 81' lang='grc'><strong>65,</strong></span> <span class='ocrx_word' id='word_1_283' title='bbox 567 1962 584 1991; x_wconf 72' lang='lat'>4</span> <span class='ocrx_word' id='word_1_284' title='bbox 599 1973 605 1995; x_wconf 71' lang='grc' dir='ltr'><strong>ς</strong></span> <span class='ocrx_word' id='word_1_285' title='bbox 621 1959 664 1991; x_wconf 84' lang='lat' dir='ltr'><strong>ib.</strong></span> <span class='ocrx_word' id='word_1_286' title='bbox 686 1961 738 1999; x_wconf 83' lang='grc'><strong>10,</strong></span> <span class='ocrx_word' id='word_1_287' title='bbox 754 1960 782 1990; x_wconf 88' lang='grc'><strong>2.</strong></span> <span class='ocrx_word' id='word_1_288' title='bbox 799 1976 841 1981; x_wconf 94' lang='grc'>-</span> 
     </span>
     <span class='ocr_line' id='line_1_39' title="bbox 166 2005 841 2045; baseline -0.003 -8"><span class='ocrx_word' id='word_1_289' title='bbox 166 2005 343 2045; x_wconf 79' lang='lat' dir='ltr'><strong>Romanis,</strong></span> <span class='ocrx_word' id='word_1_290' title='bbox 369 2016 395 2038; x_wconf 85' lang='lat' dir='ltr'><strong>c.</strong></span> <span class='ocrx_word' id='word_1_291' title='bbox 423 2008 476 2043; x_wconf 85' lang='lat'><strong>31,</strong></span> <span class='ocrx_word' id='word_1_292' title='bbox 494 2007 528 2037; x_wconf 80' lang='lat'><strong>1:</strong></span> <span class='ocrx_word' id='word_1_293' title='bbox 556 2005 721 2036; x_wconf 69' lang='lat' dir='ltr'><strong>hostibus.</strong></span> <span class='ocrx_word' id='word_1_294' title='bbox 741 2022 784 2028; x_wconf 90' lang='lat'>—</span> <span class='ocrx_word' id='word_1_295' title='bbox 805 2005 841 2035; x_wconf 78' lang='lat' dir='ltr'><strong>in</strong></span> 
     </span>
     <span class='ocr_line' id='line_1_40' title="bbox 167 2049 843 2092; baseline -0.003 -9"><span class='ocrx_word' id='word_1_296' title='bbox 167 2061 367 2092; x_wconf 82' lang='lat' dir='ltr'><strong>omn.—p.,</strong></span> <span class='ocrx_word' id='word_1_297' title='bbox 394 2053 448 2091; x_wconf 81' lang='lat'><strong>42,</strong></span> <span class='ocrx_word' id='word_1_298' title='bbox 463 2053 494 2086; x_wconf 77' lang='lat'><strong>7.</strong></span> <span class='ocrx_word' id='word_1_299' title='bbox 509 2052 538 2084; x_wconf 77' lang='lat'><strong>8.</strong></span> <span class='ocrx_word' id='word_1_300' title='bbox 555 2069 596 2073; x_wconf 76' lang='lat'>—</span> <span class='ocrx_word' id='word_1_301' title='bbox 609 2052 751 2092; x_wconf 78' lang='lat' dir='ltr'><strong>passim,</strong></span> <span class='ocrx_word' id='word_1_302' title='bbox 777 2049 843 2081; x_wconf 76' lang='lat' dir='ltr'><strong>wie</strong></span> 
     </span>
     <span class='ocr_line' id='line_1_41' title="bbox 166 2096 844 2137; baseline -0.001 -9"><span class='ocrx_word' id='word_1_303' title='bbox 166 2100 262 2129; x_wconf 73' lang='lat' dir='ltr'><strong>sonst</strong></span> <span class='ocrx_word' id='word_1_304' title='bbox 287 2096 337 2129; x_wconf 85' lang='lat' dir='ltr'><strong>oft</strong></span> <span class='ocrx_word' id='word_1_305' title='bbox 362 2096 416 2129; x_wconf 90' lang='lat' dir='ltr'><strong>bei</strong></span> <span class='ocrx_word' id='word_1_306' title='bbox 443 2099 545 2137; x_wconf 79' lang='lat' dir='ltr'><strong>totas,</strong></span> <span class='ocrx_word' id='word_1_307' title='bbox 571 2106 598 2128; x_wconf 88' lang='lat' dir='ltr'><strong>c.</strong></span> <span class='ocrx_word' id='word_1_308' title='bbox 623 2098 676 2136; x_wconf 80' lang='lat'>33,</span> <span class='ocrx_word' id='word_1_309' title='bbox 692 2098 797 2136; x_wconf 78' lang='lat'>7;41,</span> <span class='ocrx_word' id='word_1_310' title='bbox 813 2096 844 2136; x_wconf 91' lang='grc'><strong>2,</strong></span> 
     </span>
     <span class='ocr_line' id='line_1_42' title="bbox 167 2143 843 2184; baseline -0.001 -10"><span class='ocrx_word' id='word_1_311' title='bbox 167 2144 183 2174; x_wconf 76' lang='grc' dir='ltr'><strong>ἵ</strong></span> <span class='ocrx_word' id='word_1_312' title='bbox 211 2153 242 2174; x_wconf 88' lang='lat' dir='ltr'><strong>u.</strong></span> <span class='ocrx_word' id='word_1_313' title='bbox 262 2152 289 2174; x_wconf 86' lang='lat' dir='ltr'><strong>a.</strong></span> <span class='ocrx_word' id='word_1_314' title='bbox 317 2160 360 2166; x_wconf 91' lang='lat'>—</span> <span class='ocrx_word' id='word_1_315' title='bbox 385 2144 493 2184; x_wconf 71' lang='lat' dir='ltr'><strong>equis,</strong></span> <span class='ocrx_word' id='word_1_316' title='bbox 518 2152 545 2174; x_wconf 89' lang='lat' dir='ltr'><strong>c.</strong></span> <span class='ocrx_word' id='word_1_317' title='bbox 561 2143 615 2181; x_wconf 85' lang='lat'><strong>33,</strong></span> <span class='ocrx_word' id='word_1_318' title='bbox 630 2144 667 2179; x_wconf 85' lang='lat'><strong>7;</strong></span> <span class='ocrx_word' id='word_1_319' title='bbox 684 2143 737 2183; x_wconf 79' lang='grc'><strong>40,</strong></span> <span class='ocrx_word' id='word_1_320' title='bbox 754 2143 790 2174; x_wconf 90' lang='grc'><strong>11</strong></span> <span class='ocrx_word' id='word_1_321' title='bbox 812 2151 843 2173; x_wconf 91' lang='lat' dir='ltr'><strong>u.</strong></span> 
     </span>
     <span class='ocr_line' id='line_1_43' title="bbox 167 2189 845 2229; baseline -0.003 -10"><span class='ocrx_word' id='word_1_322' title='bbox 167 2198 194 2219; x_wconf 88' lang='lat' dir='ltr'><strong>a.</strong></span> <span class='ocrx_word' id='word_1_323' title='bbox 209 2207 253 2211; x_wconf 88' lang='lat'><strong>—</strong></span> <span class='ocrx_word' id='word_1_324' title='bbox 267 2191 381 2229; x_wconf 76' lang='lat' dir='ltr'><strong>octog.</strong></span> <span class='ocrx_word' id='word_1_325' title='bbox 399 2191 489 2228; x_wconf 81' lang='lat' dir='ltr'><strong>octo,</strong></span> <span class='ocrx_word' id='word_1_326' title='bbox 515 2189 568 2223; x_wconf 76' lang='grc'><strong>28,</strong></span> <span class='ocrx_word' id='word_1_327' title='bbox 584 2189 637 2228; x_wconf 84' lang='grc'><strong>38,</strong></span> <span class='ocrx_word' id='word_1_328' title='bbox 652 2190 682 2221; x_wconf 82' lang='lat'><strong>5.</strong></span> <span class='ocrx_word' id='word_1_329' title='bbox 697 2206 741 2210; x_wconf 93' lang='lat'>—</span> <span class='ocrx_word' id='word_1_330' title='bbox 756 2189 845 2229; x_wconf 80' lang='lat' dir='ltr'><strong>capt.</strong></span> 
     </span>
     <span class='ocr_line' id='line_1_44' title="bbox 168 2232 846 2275; baseline -0.003 -10"><span class='ocrx_word' id='word_1_331' title='bbox 168 2234 208 2265; x_wconf 82' lang='lat' dir='ltr'><strong>ab</strong></span> <span class='ocrx_word' id='word_1_332' title='bbox 234 2244 278 2275; x_wconf 80' lang='lat' dir='ltr'><strong>se,</strong></span> <span class='ocrx_word' id='word_1_333' title='bbox 303 2233 369 2265; x_wconf 90' lang='lat' dir='ltr'><strong>wie</strong></span> <span class='ocrx_word' id='word_1_334' title='bbox 391 2235 444 2271; x_wconf 84' lang='lat'>39,</span> <span class='ocrx_word' id='word_1_335' title='bbox 460 2235 513 2273; x_wconf 90' lang='grc'><strong>31,</strong></span> <span class='ocrx_word' id='word_1_336' title='bbox 531 2235 580 2266; x_wconf 82' lang='grc'><strong>16,</strong></span> <span class='ocrx_word' id='word_1_337' title='bbox 606 2252 651 2256; x_wconf 90' lang='lat'>—</span> <span class='ocrx_word' id='word_1_338' title='bbox 674 2233 787 2275; x_wconf 80' lang='lat' dir='ltr'><strong>spolia</strong></span> <span class='ocrx_word' id='word_1_339' title='bbox 805 2232 846 2264; x_wconf 82' lang='lat' dir='ltr'><strong>(le</strong></span> 
     </span>
     <span class='ocr_line' id='line_1_45' title="bbox 169 2278 846 2321; baseline 0.001 -12"><span class='ocrx_word' id='word_1_340' title='bbox 169 2280 215 2319; x_wconf 50' lang='lat' dir='ltr'><strong>la,</strong></span> <span class='ocrx_word' id='word_1_341' title='bbox 246 2278 312 2320; x_wconf 75' lang='lat' dir='ltr'><strong>vgl.</strong></span> <span class='ocrx_word' id='word_1_342' title='bbox 350 2281 403 2321; x_wconf 80' lang='lat'><strong>35,</strong></span> <span class='ocrx_word' id='word_1_343' title='bbox 434 2280 483 2319; x_wconf 85' lang='lat'><strong>12,</strong></span> <span class='ocrx_word' id='word_1_344' title='bbox 514 2281 570 2312; x_wconf 76' lang='lat'><strong>15:</strong></span> <span class='ocrx_word' id='word_1_345' title='bbox 611 2279 747 2320; x_wconf 84' lang='lat' dir='ltr'><strong>praeda</strong></span> <span class='ocrx_word' id='word_1_346' title='bbox 784 2278 846 2318; x_wconf 77' lang='lat' dir='ltr'><strong>de,-</strong></span> 
     </span>
     <span class='ocr_line' id='line_1_46' title="bbox 167 2324 845 2367; baseline 0.001 -12"><span class='ocrx_word' id='word_1_347' title='bbox 167 2324 254 2356; x_wconf 85' lang='lat' dir='ltr'><strong>Curt.</strong></span> <span class='ocrx_word' id='word_1_348' title='bbox 281 2326 312 2366; x_wconf 83' lang='grc'><strong>9,</strong></span> <span class='ocrx_word' id='word_1_349' title='bbox 342 2326 369 2365; x_wconf 90' lang='grc'><strong>1,</strong></span> <span class='ocrx_word' id='word_1_350' title='bbox 396 2326 433 2362; x_wconf 82' lang='grc'><strong>2;</strong></span> <span class='ocrx_word' id='word_1_351' title='bbox 459 2324 676 2367; x_wconf 74' lang='lat' dir='ltr'><strong>gewfflmlich</strong></span> <span class='ocrx_word' id='word_1_352' title='bbox 700 2324 766 2356; x_wconf 85' lang='lat' dir='ltr'><strong>wie</strong></span> <span class='ocrx_word' id='word_1_353' title='bbox 792 2325 845 2365; x_wconf 86' lang='lat'><strong>39,</strong></span> 
     </span>
     <span class='ocr_line' id='line_1_47' title="bbox 168 2372 265 2405; baseline 0.01 -4"><span class='ocrx_word' id='word_1_354' title='bbox 168 2372 197 2405; x_wconf 81' lang='lat'><strong>5,</strong></span> <span class='ocrx_word' id='word_1_355' title='bbox 216 2372 265 2402; x_wconf 78' lang='lat'><strong>16.</strong></span> 
     </span>
    </p>

    <p class='ocr_par' dir='ltr' id='par_1_11' title="bbox 166 2412 847 2592">
     <span class='ocr_line' id='line_1_48' title="bbox 211 2412 844 2457; baseline -0.003 -9"><span class='ocrx_word' id='word_1_356' title='bbox 211 2412 272 2449; x_wconf 76' lang='lat'><strong>33.</strong></span> <span class='ocrx_word' id='word_1_357' title='bbox 289 2417 382 2447; x_wconf 80' lang='lat'>1—-3,</span> <span class='ocrx_word' id='word_1_358' title='bbox 395 2418 431 2446; x_wconf 80' lang='lat' dir='ltr'><strong>in</strong></span> <span class='ocrx_word' id='word_1_359' title='bbox 443 2425 521 2457; x_wconf 82' lang='lat' dir='ltr'><strong>opp.</strong></span> <span class='ocrx_word' id='word_1_360' title='bbox 532 2416 616 2447; x_wconf 77' lang='lat' dir='ltr'><strong>Aeb.</strong></span> <span class='ocrx_word' id='word_1_361' title='bbox 628 2425 653 2448; x_wconf 82' lang='lat' dir='ltr'><strong>s.</strong></span> <span class='ocrx_word' id='word_1_362' title='bbox 666 2417 765 2455; x_wconf 81' lang='grc'>3,1,5.</span> <span class='ocrx_word' id='word_1_363' title='bbox 776 2414 844 2457; x_wconf 81' lang='lat' dir='ltr'><strong>vgl.</strong></span> 
     </span>
     <span class='ocr_line' id='line_1_49' title="bbox 166 2460 847 2501; baseline 0.004 -10"><span class='ocrx_word' id='word_1_364' title='bbox 166 2461 220 2500; x_wconf 66' lang='lat'>44,</span> <span class='ocrx_word' id='word_1_365' title='bbox 244 2461 295 2496; x_wconf 71' lang='lat'>32,</span> <span class='ocrx_word' id='word_1_366' title='bbox 312 2462 348 2495; x_wconf 78' lang='lat'><strong>3:</strong></span> <span class='ocrx_word' id='word_1_367' title='bbox 372 2462 425 2501; x_wconf 81' lang='lat'><strong>37,</strong></span> <span class='ocrx_word' id='word_1_368' title='bbox 454 2462 502 2501; x_wconf 88' lang='grc'><strong>10,</strong></span> <span class='ocrx_word' id='word_1_369' title='bbox 528 2463 577 2494; x_wconf 89' lang='grc'><strong>11.</strong></span> <span class='ocrx_word' id='word_1_370' title='bbox 603 2480 648 2484; x_wconf 88' lang='grc'>-</span> <span class='ocrx_word' id='word_1_371' title='bbox 675 2460 847 2501; x_wconf 66' lang='lat' dir='ltr'><strong>contr-eh„</strong></span> 
     </span>
     <span class='ocr_line' id='line_1_50' title="bbox 168 2505 846 2549; baseline 0.006 -14"><span class='ocrx_word' id='word_1_372' title='bbox 168 2514 222 2537; x_wconf 91' lang='lat' dir='ltr'><strong>wo</strong></span> <span class='ocrx_word' id='word_1_373' title='bbox 248 2505 319 2537; x_wconf 83' lang='lat' dir='ltr'><strong>sich</strong></span> <span class='ocrx_word' id='word_1_374' title='bbox 338 2506 369 2538; x_wconf 92' lang='lat' dir='ltr'><strong>L.</strong></span> <span class='ocrx_word' id='word_1_375' title='bbox 390 2505 443 2538; x_wconf 88' lang='lat' dir='ltr'><strong>die</strong></span> <span class='ocrx_word' id='word_1_376' title='bbox 462 2505 560 2539; x_wconf 84' lang='lat' dir='ltr'><strong>Stadt</strong></span> <span class='ocrx_word' id='word_1_377' title='bbox 578 2506 723 2549; x_wconf 78' lang='lat' dir='ltr'><strong>gedacht</strong></span> <span class='ocrx_word' id='word_1_378' title='bbox 748 2506 846 2546; x_wconf 86' lang='lat' dir='ltr'><strong>habe,</strong></span> 
     </span>
     <span class='ocr_line' id='line_1_51' title="bbox 167 2550 847 2592; baseline 0.004 -11"><span class='ocrx_word' id='word_1_379' title='bbox 167 2550 211 2582; x_wconf 77' lang='lat' dir='ltr'><strong>ist</strong></span> <span class='ocrx_word' id='word_1_380' title='bbox 236 2550 327 2582; x_wconf 87' lang='lat' dir='ltr'><strong>nicht</strong></span> <span class='ocrx_word' id='word_1_381' title='bbox 354 2551 514 2592; x_wconf 79' lang='lat' dir='ltr'><strong>deutlich,</strong></span> <span class='ocrx_word' id='word_1_382' title='bbox 545 2551 585 2584; x_wconf 86' lang='lat' dir='ltr'><strong>da</strong></span> <span class='ocrx_word' id='word_1_383' title='bbox 612 2551 749 2585; x_wconf 86' lang='lat' dir='ltr'><strong>Fulvius</strong></span> <span class='ocrx_word' id='word_1_384' title='bbox 776 2551 847 2584; x_wconf 87' lang='lat' dir='ltr'><strong>hier</strong></span> 
     </span>
    </p>
   </div>
   <div class='ocr_carea' id='block_1_9' title="bbox 909 1410 1599 2594">
    <p class='ocr_par' dir='ltr' id='par_1_12' title="bbox 909 1410 1599 2594">
     <span class='ocr_line' id='line_1_52' title="bbox 909 1410 1597 1455; baseline -0.001 -11"><span class='ocrx_word' id='word_1_385' title='bbox 909 1423 976 1455; x_wconf 84' lang='lat' dir='ltr'><strong>per</strong></span> <span class='ocrx_word' id='word_1_386' title='bbox 995 1412 1245 1454; x_wconf 74' lang='lat' dir='ltr'><strong>Carpetaniam</strong></span> <span class='ocrx_word' id='word_1_387' title='bbox 1270 1422 1310 1444; x_wconf 88' lang='lat' dir='ltr'><strong>zu</strong></span> <span class='ocrx_word' id='word_1_388' title='bbox 1336 1410 1514 1444; x_wconf 74' lang='lat' dir='ltr'><strong>desselben</strong></span> <span class='ocrx_word' id='word_1_389' title='bbox 1538 1420 1597 1453; x_wconf 80' lang='lat' dir='ltr'><strong>ge-</strong></span> 
     </span>
     <span class='ocr_line' id='line_1_53' title="bbox 913 1455 1598 1500; baseline -0.003 -10"><span class='ocrx_word' id='word_1_390' title='bbox 913 1458 1006 1500; x_wconf 83' lang='lat' dir='ltr'><strong>langt</strong></span> <span class='ocrx_word' id='word_1_391' title='bbox 1032 1457 1101 1490; x_wconf 86' lang='lat' dir='ltr'><strong>und</strong></span> <span class='ocrx_word' id='word_1_392' title='bbox 1127 1457 1147 1499; x_wconf 73' lang='lat'>§</span> <span class='ocrx_word' id='word_1_393' title='bbox 1169 1459 1188 1490; x_wconf 84' lang='lat'>9</span> <span class='ocrx_word' id='word_1_394' title='bbox 1215 1457 1290 1490; x_wconf 83' lang='lat' dir='ltr'><strong>dort</strong></span> <span class='ocrx_word' id='word_1_395' title='bbox 1322 1455 1510 1490; x_wconf 86' lang='lat' dir='ltr'><strong>abziehend</strong></span> <span class='ocrx_word' id='word_1_396' title='bbox 1531 1466 1598 1499; x_wconf 81' lang='lat' dir='ltr'><strong>per</strong></span> 
     </span>
     <span class='ocr_line' id='line_1_54' title="bbox 916 1501 1596 1546; baseline -0.003 -10"><span class='ocrx_word' id='word_1_397' title='bbox 916 1504 1139 1536; x_wconf 68' lang='lat' dir='ltr'><strong>Celtiberiam</strong></span> <span class='ocrx_word' id='word_1_398' title='bbox 1165 1503 1264 1546; x_wconf 76' lang='lat' dir='ltr'><strong>gelit;</strong></span> <span class='ocrx_word' id='word_1_399' title='bbox 1291 1502 1379 1536; x_wconf 89' lang='lat' dir='ltr'><strong>doch</strong></span> <span class='ocrx_word' id='word_1_400' title='bbox 1397 1502 1530 1535; x_wconf 85' lang='lat' dir='ltr'><strong>scheint</strong></span> <span class='ocrx_word' id='word_1_401' title='bbox 1547 1501 1596 1535; x_wconf 88' lang='lat' dir='ltr'><strong>sie</strong></span> 
     </span>
     <span class='ocr_line' id='line_1_55' title="bbox 914 1548 1599 1591; baseline -0.003 -10"><span class='ocrx_word' id='word_1_402' title='bbox 914 1549 996 1591; x_wconf 83' lang='lat' dir='ltr'><strong>frag.</strong></span> <span class='ocrx_word' id='word_1_403' title='bbox 1038 1549 1094 1581; x_wconf 91' lang='lat' dir='ltr'><strong>lib.</strong></span> <span class='ocrx_word' id='word_1_404' title='bbox 1122 1550 1157 1581; x_wconf 86' lang='grc'><strong>91</strong></span> <span class='ocrx_word' id='word_1_405' title='bbox 1198 1559 1238 1581; x_wconf 93' lang='lat' dir='ltr'><strong>zu</strong></span> <span class='ocrx_word' id='word_1_406' title='bbox 1271 1548 1334 1581; x_wconf 89' lang='lat' dir='ltr'><strong>den</strong></span> <span class='ocrx_word' id='word_1_407' title='bbox 1371 1548 1599 1581; x_wconf 73' lang='lat' dir='ltr'><strong>Celtibericae</strong></span> 
     </span>
     <span class='ocr_line' id='line_1_56' title="bbox 912 1592 1598 1637; baseline -0.003 -10"><span class='ocrx_word' id='word_1_408' title='bbox 912 1596 1018 1627; x_wconf 75' lang='lat' dir='ltr'><strong>urbes</strong></span> <span class='ocrx_word' id='word_1_409' title='bbox 1047 1594 1230 1637; x_wconf 84' lang='lat' dir='ltr'><strong>gerechnet</strong></span> <span class='ocrx_word' id='word_1_410' title='bbox 1263 1604 1305 1626; x_wconf 86' lang='lat' dir='ltr'><strong>zu</strong></span> <span class='ocrx_word' id='word_1_411' title='bbox 1339 1593 1495 1635; x_wconf 84' lang='lat' dir='ltr'><strong>werden,</strong></span> <span class='ocrx_word' id='word_1_412' title='bbox 1528 1592 1598 1626; x_wconf 88' lang='lat' dir='ltr'><strong>und</strong></span> 
     </span>
     <span class='ocr_line' id='line_1_57' title="bbox 914 1638 1595 1682; baseline -0.001 -9"><span class='ocrx_word' id='word_1_413' title='bbox 914 1640 987 1673; x_wconf 83' lang='lat' dir='ltr'><strong>Val.</strong></span> <span class='ocrx_word' id='word_1_414' title='bbox 1005 1639 1092 1673; x_wconf 81' lang='lat' dir='ltr'><strong>Max.</strong></span> <span class='ocrx_word' id='word_1_415' title='bbox 1109 1642 1139 1680; x_wconf 84' lang='lat'><strong>7,</strong></span> <span class='ocrx_word' id='word_1_416' title='bbox 1156 1642 1187 1681; x_wconf 82' lang='grc'><strong>4,</strong></span> <span class='ocrx_word' id='word_1_417' title='bbox 1202 1643 1234 1681; x_wconf 87' lang='grc'><strong>5,</strong></span> <span class='ocrx_word' id='word_1_418' title='bbox 1258 1639 1327 1682; x_wconf 84' lang='lat' dir='ltr'><strong>vgl.</strong></span> <span class='ocrx_word' id='word_1_419' title='bbox 1343 1641 1373 1681; x_wconf 86' lang='grc'><strong>2,</strong></span> <span class='ocrx_word' id='word_1_420' title='bbox 1388 1641 1418 1682; x_wconf 85' lang='grc'><strong>7,</strong></span> <span class='ocrx_word' id='word_1_421' title='bbox 1437 1641 1488 1682; x_wconf 77' lang='grc'><strong>10,</strong></span> <span class='ocrx_word' id='word_1_422' title='bbox 1508 1638 1595 1672; x_wconf 88' lang='lat' dir='ltr'><strong>Flor.</strong></span> 
     </span>
     <span class='ocr_line' id='line_1_58' title="bbox 918 1685 1599 1727; baseline -0.006 -7"><span class='ocrx_word' id='word_1_423' title='bbox 918 1688 946 1727; x_wconf 90' lang='grc'><strong>1,</strong></span> <span class='ocrx_word' id='word_1_424' title='bbox 970 1688 1011 1719; x_wconf 88' lang='grc'><strong>33</strong></span> <span class='ocrx_word' id='word_1_425' title='bbox 1035 1688 1079 1727; x_wconf 86' lang='grc'><strong>(2,</strong></span> <span class='ocrx_word' id='word_1_426' title='bbox 1105 1687 1169 1727; x_wconf 70' lang='grc'>17),</span> <span class='ocrx_word' id='word_1_427' title='bbox 1193 1687 1244 1727; x_wconf 92' lang='grc'><strong>10,</strong></span> <span class='ocrx_word' id='word_1_428' title='bbox 1278 1688 1384 1718; x_wconf 88' lang='lat' dir='ltr'><strong>nennt</strong></span> <span class='ocrx_word' id='word_1_429' title='bbox 1417 1685 1465 1718; x_wconf 88' lang='lat' dir='ltr'><strong>sie</strong></span> <span class='ocrx_word' id='word_1_430' title='bbox 1491 1687 1599 1726; x_wconf 77' lang='lat' dir='ltr'><strong>caput</strong></span> 
     </span>
     <span class='ocr_line' id='line_1_59' title="bbox 917 1729 1597 1772; baseline -0.003 -8"><span class='ocrx_word' id='word_1_431' title='bbox 917 1732 1142 1772; x_wconf 79' lang='lat' dir='ltr'><strong>Celtiberiae,</strong></span> <span class='ocrx_word' id='word_1_432' title='bbox 1175 1730 1395 1763; x_wconf 86' lang='lat' dir='ltr'><strong>verschieden</strong></span> <span class='ocrx_word' id='word_1_433' title='bbox 1428 1730 1474 1764; x_wconf 86' lang='lat' dir='ltr'><strong>ist</strong></span> <span class='ocrx_word' id='word_1_434' title='bbox 1509 1729 1597 1762; x_wconf 80' lang='lat' dir='ltr'><strong>Con-</strong></span> 
     </span>
     <span class='ocr_line' id='line_1_60' title="bbox 915 1775 1596 1818; baseline -0.003 -9"><span class='ocrx_word' id='word_1_435' title='bbox 915 1778 1028 1809; x_wconf 69' lang='lat' dir='ltr'><strong>trebia</strong></span> <span class='ocrx_word' id='word_1_436' title='bbox 1065 1787 1155 1818; x_wconf 78' lang='lat' dir='ltr'><strong>quae</strong></span> <span class='ocrx_word' id='word_1_437' title='bbox 1190 1776 1357 1808; x_wconf 78' lang='lat' dir='ltr'><strong>Leucada</strong></span> <span class='ocrx_word' id='word_1_438' title='bbox 1393 1775 1596 1818; x_wconf 82' lang='lat' dir='ltr'><strong>appellatur</strong></span> 
     </span>
     <span class='ocr_line' id='line_1_61' title="bbox 914 1820 1597 1864; baseline -0.003 -9"><span class='ocrx_word' id='word_1_439' title='bbox 914 1822 976 1864; x_wconf 86' lang='lat' dir='ltr'><strong>srg.</strong></span> <span class='ocrx_word' id='word_1_440' title='bbox 996 1822 1015 1855; x_wconf 93' lang='grc'><strong>1.</strong></span> <span class='ocrx_word' id='word_1_441' title='bbox 1036 1823 1089 1863; x_wconf 84' lang='grc'><strong>91,</strong></span> <span class='ocrx_word' id='word_1_442' title='bbox 1116 1831 1169 1854; x_wconf 85' lang='lat' dir='ltr'><strong>am</strong></span> <span class='ocrx_word' id='word_1_443' title='bbox 1194 1822 1318 1854; x_wconf 89' lang='lat' dir='ltr'><strong>oberen</strong></span> <span class='ocrx_word' id='word_1_444' title='bbox 1335 1821 1439 1854; x_wconf 85' lang='lat' dir='ltr'><strong>Laufe</strong></span> <span class='ocrx_word' id='word_1_445' title='bbox 1464 1821 1523 1854; x_wconf 90' lang='lat' dir='ltr'><strong>des</strong></span> <span class='ocrx_word' id='word_1_446' title='bbox 1540 1820 1597 1853; x_wconf 92' lang='lat' dir='ltr'><strong>Hi-</strong></span> 
     </span>
     <span class='ocr_line' id='line_1_62' title="bbox 914 1865 1597 1908; baseline -0.001 -8"><span class='ocrx_word' id='word_1_447' title='bbox 914 1868 1026 1908; x_wconf 83' lang='lat' dir='ltr'><strong>berus,</strong></span> <span class='ocrx_word' id='word_1_448' title='bbox 1042 1877 1076 1900; x_wconf 16' lang='lat' dir='ltr'><strong>rs.</strong></span> <span class='ocrx_word' id='word_1_449' title='bbox 1096 1866 1203 1900; x_wconf 76' lang='lat' dir='ltr'><strong>[kert</strong></span> <span class='ocrx_word' id='word_1_450' title='bbox 1216 1869 1300 1905; x_wconf 73' lang='lat'><strong>4583</strong></span> <span class='ocrx_word' id='word_1_451' title='bbox 1315 1868 1391 1901; x_wconf 83' lang='lat'><strong>461.</strong></span> <span class='ocrx_word' id='word_1_452' title='bbox 1417 1866 1478 1900; x_wconf 87' lang='lat' dir='ltr'><strong>Die</strong></span> <span class='ocrx_word' id='word_1_453' title='bbox 1498 1865 1597 1899; x_wconf 87' lang='lat' dir='ltr'><strong>Stadt</strong></span> 
     </span>
     <span class='ocr_line' id='line_1_63' title="bbox 914 1912 1595 1957; baseline -0.003 -11"><span class='ocrx_word' id='word_1_454' title='bbox 914 1913 1115 1957; x_wconf 81' lang='lat' dir='ltr'><strong>Complega,</strong></span> <span class='ocrx_word' id='word_1_455' title='bbox 1149 1912 1280 1945; x_wconf 88' lang='lat' dir='ltr'><strong>welche</strong></span> <span class='ocrx_word' id='word_1_456' title='bbox 1312 1912 1446 1955; x_wconf 80' lang='lat' dir='ltr'><strong>Appian</strong></span> <span class='ocrx_word' id='word_1_457' title='bbox 1479 1916 1595 1954; x_wconf 84' lang='lat' dir='ltr'><strong>nennt,</strong></span> 
     </span>
     <span class='ocr_line' id='line_1_64' title="bbox 910 1955 1596 2001; baseline -0.001 -10"><span class='ocrx_word' id='word_1_458' title='bbox 910 1959 1006 1991; x_wconf 87' lang='lat' dir='ltr'><strong>Diod.</strong></span> <span class='ocrx_word' id='word_1_459' title='bbox 1032 1958 1053 1991; x_wconf 93' lang='lat' dir='ltr'><strong>l.</strong></span> <span class='ocrx_word' id='word_1_460' title='bbox 1080 1957 1119 1991; x_wconf 89' lang='lat' dir='ltr'><strong>l.:</strong></span> <span class='ocrx_word' id='word_1_461' title='bbox 1145 1955 1249 1991; x_wconf 76' lang='grc' dir='ltr'><strong><em>πόλις</em></strong></span> <span class='ocrx_word' id='word_1_462' title='bbox 1265 1956 1481 2001; x_wconf 76' lang='grc' dir='ltr'><strong><em>Κεμελετῶν</em></strong></span> <span class='ocrx_word' id='word_1_463' title='bbox 1504 1957 1596 1991; x_wconf 87' lang='lat' dir='ltr'><strong>kann</strong></span> 
     </span>
     <span class='ocr_line' id='line_1_65' title="bbox 913 2003 1598 2047; baseline -0.003 -10"><span class='ocrx_word' id='word_1_464' title='bbox 913 2005 1008 2037; x_wconf 80' lang='lat' dir='ltr'><strong>nieht</strong></span> <span class='ocrx_word' id='word_1_465' title='bbox 1034 2004 1183 2047; x_wconf 84' lang='lat' dir='ltr'><strong>gemeint</strong></span> <span class='ocrx_word' id='word_1_466' title='bbox 1200 2004 1284 2045; x_wconf 83' lang='lat' dir='ltr'><strong>sein,</strong></span> <span class='ocrx_word' id='word_1_467' title='bbox 1310 2003 1351 2037; x_wconf 89' lang='lat' dir='ltr'><strong>da</strong></span> <span class='ocrx_word' id='word_1_468' title='bbox 1369 2004 1423 2037; x_wconf 89' lang='lat' dir='ltr'><strong>die</strong></span> <span class='ocrx_word' id='word_1_469' title='bbox 1441 2014 1509 2037; x_wconf 78' lang='lat' dir='ltr'><strong>von</strong></span> <span class='ocrx_word' id='word_1_470' title='bbox 1527 2003 1598 2037; x_wconf 89' lang='lat' dir='ltr'><strong>bei-</strong></span> 
     </span>
     <span class='ocr_line' id='line_1_66' title="bbox 914 2049 1594 2092; baseline -0.001 -9"><span class='ocrx_word' id='word_1_471' title='bbox 914 2050 977 2083; x_wconf 87' lang='lat' dir='ltr'><strong>den</strong></span> <span class='ocrx_word' id='word_1_472' title='bbox 1012 2050 1224 2083; x_wconf 77' lang='lat' dir='ltr'><strong>berichteten</strong></span> <span class='ocrx_word' id='word_1_473' title='bbox 1248 2049 1442 2092; x_wconf 84' lang='lat' dir='ltr'><strong>Ereignisse</strong></span> <span class='ocrx_word' id='word_1_474' title='bbox 1473 2049 1529 2083; x_wconf 85' lang='lat' dir='ltr'><strong>hei</strong></span> <span class='ocrx_word' id='word_1_475' title='bbox 1560 2049 1594 2082; x_wconf 94' lang='lat' dir='ltr'><strong>L.</strong></span> 
     </span>
     <span class='ocr_line' id='line_1_67' title="bbox 915 2095 1595 2138; baseline -0.001 -10"><span class='ocrx_word' id='word_1_476' title='bbox 915 2096 1005 2129; x_wconf 86' lang='lat' dir='ltr'><strong>nicht</strong></span> <span class='ocrx_word' id='word_1_477' title='bbox 1033 2096 1187 2128; x_wconf 78' lang='lat' dir='ltr'><strong>erw&#39;ahnt</strong></span> <span class='ocrx_word' id='word_1_478' title='bbox 1211 2095 1359 2134; x_wconf 83' lang='lat' dir='ltr'><strong>werden.</strong></span> <span class='ocrx_word' id='word_1_479' title='bbox 1376 2115 1422 2119; x_wconf 96' lang='lat'>—</span> <span class='ocrx_word' id='word_1_480' title='bbox 1440 2097 1536 2138; x_wconf 80' lang='lat' dir='ltr'><strong>urbs,</strong></span> <span class='ocrx_word' id='word_1_481' title='bbox 1561 2095 1595 2127; x_wconf 88' lang='lat' dir='ltr'><strong>in</strong></span> 
     </span>
     <span class='ocr_line' id='line_1_68' title="bbox 913 2141 1596 2184; baseline -0.001 -10"><span class='ocrx_word' id='word_1_482' title='bbox 913 2141 1030 2184; x_wconf 82' lang='lat' dir='ltr'><strong>Bezug</strong></span> <span class='ocrx_word' id='word_1_483' title='bbox 1055 2141 1114 2174; x_wconf 84' lang='lat' dir='ltr'><strong>aus</strong></span> <span class='ocrx_word' id='word_1_484' title='bbox 1136 2142 1336 2173; x_wconf 75' lang='lat' dir='ltr'><strong>arcessisset</strong></span> <span class='ocrx_word' id='word_1_485' title='bbox 1346 2158 1391 2170; x_wconf 90' lang='lat'>=</span> <span class='ocrx_word' id='word_1_486' title='bbox 1404 2143 1539 2174; x_wconf 77' lang='lat' dir='ltr'><strong>civitas.</strong></span> <span class='ocrx_word' id='word_1_487' title='bbox 1551 2159 1596 2166; x_wconf 93' lang='lat'><strong>--</strong></span> 
     </span>
     <span class='ocr_line' id='line_1_69' title="bbox 914 2185 1596 2220; baseline 0 -1"><span class='ocrx_word' id='word_1_488' title='bbox 914 2191 1068 2220; x_wconf 79' lang='lat' dir='ltr'><strong>morant.</strong></span> <span class='ocrx_word' id='word_1_489' title='bbox 1081 2189 1125 2219; x_wconf 79' lang='lat' dir='ltr'><strong>iis</strong></span> <span class='ocrx_word' id='word_1_490' title='bbox 1138 2186 1203 2220; x_wconf 86' lang='lat' dir='ltr'><strong>soll</strong></span> <span class='ocrx_word' id='word_1_491' title='bbox 1217 2185 1328 2219; x_wconf 87' lang='lat' dir='ltr'><strong>dieses</strong></span> <span class='ocrx_word' id='word_1_492' title='bbox 1338 2186 1489 2220; x_wconf 86' lang='lat' dir='ltr'><strong>Moment</strong></span> <span class='ocrx_word' id='word_1_493' title='bbox 1501 2186 1596 2219; x_wconf 89' lang='lat' dir='ltr'><strong>mehr</strong></span> 
     </span>
     <span class='ocr_line' id='line_1_70' title="bbox 917 2231 1596 2274; baseline -0.004 -8"><span class='ocrx_word' id='word_1_494' title='bbox 917 2233 1163 2274; x_wconf 78' lang='lat' dir='ltr'><strong>hervorheben,</strong></span> <span class='ocrx_word' id='word_1_495' title='bbox 1189 2232 1238 2265; x_wconf 87' lang='lat' dir='ltr'><strong>als</strong></span> <span class='ocrx_word' id='word_1_496' title='bbox 1261 2242 1299 2265; x_wconf 88' lang='lat' dir='ltr'><strong>es</strong></span> <span class='ocrx_word' id='word_1_497' title='bbox 1317 2231 1421 2264; x_wconf 86' lang='lat' dir='ltr'><strong>durch</strong></span> <span class='ocrx_word' id='word_1_498' title='bbox 1438 2242 1518 2264; x_wconf 79' lang='lat' dir='ltr'><strong>eum</strong></span> <span class='ocrx_word' id='word_1_499' title='bbox 1534 2242 1596 2264; x_wconf 82' lang='lat' dir='ltr'><strong>au-</strong></span> 
     </span>
     <span class='ocr_line' id='line_1_71' title="bbox 916 2279 1596 2311; baseline -0.001 -1"><span class='ocrx_word' id='word_1_500' title='bbox 916 2279 980 2311; x_wconf 78' lang='lat' dir='ltr'><strong>oez&#39;l.</strong></span> <span class='ocrx_word' id='word_1_501' title='bbox 1015 2297 1058 2302; x_wconf 94' lang='lat'><strong>—-</strong></span> <span class='ocrx_word' id='word_1_502' title='bbox 1091 2279 1258 2310; x_wconf 73' lang='lat' dir='ltr'><strong>arcessita</strong></span> <span class='ocrx_word' id='word_1_503' title='bbox 1289 2280 1520 2310; x_wconf 79' lang='lat' dir='ltr'><strong>morarentur</strong></span> <span class='ocrx_word' id='word_1_504' title='bbox 1551 2296 1596 2301; x_wconf 87' lang='lat'><strong>-—</strong></span> 
     </span>
     <span class='ocr_line' id='line_1_72' title="bbox 917 2322 1593 2367; baseline 0.001 -12"><span class='ocrx_word' id='word_1_505' title='bbox 917 2325 1099 2367; x_wconf 79' lang='lat' dir='ltr'><strong>desperato</strong></span> <span class='ocrx_word' id='word_1_506' title='bbox 1132 2322 1321 2366; x_wconf 66' lang='lat' dir='ltr'><strong>geschtihe,</strong></span> <span class='ocrx_word' id='word_1_507' title='bbox 1343 2332 1376 2355; x_wconf 76' lang='lat' dir='ltr'><strong>s</strong></span> <span class='ocrx_word' id='word_1_508' title='bbox 1407 2324 1434 2363; x_wconf 94' lang='lat'><strong>1,</strong></span> <span class='ocrx_word' id='word_1_509' title='bbox 1457 2323 1511 2364; x_wconf 89' lang='grc'><strong>28,</strong></span> <span class='ocrx_word' id='word_1_510' title='bbox 1536 2324 1593 2361; x_wconf 88' lang='grc'><strong>10;</strong></span> 
     </span>
     <span class='ocr_line' id='line_1_73' title="bbox 917 2366 1595 2411; baseline -0.001 -8"><span class='ocrx_word' id='word_1_511' title='bbox 917 2372 970 2410; x_wconf 88' lang='grc'><strong>39,</strong></span> <span class='ocrx_word' id='word_1_512' title='bbox 1000 2371 1054 2410; x_wconf 85' lang='grc'><strong>40,</strong></span> <span class='ocrx_word' id='word_1_513' title='bbox 1081 2371 1116 2407; x_wconf 71' lang='lat'><strong>73</strong></span> <span class='ocrx_word' id='word_1_514' title='bbox 1158 2379 1216 2401; x_wconf 88' lang='lat' dir='ltr'><strong>zur</strong></span> <span class='ocrx_word' id='word_1_515' title='bbox 1253 2366 1424 2401; x_wconf 86' lang='lat' dir='ltr'><strong>Situation</strong></span> <span class='ocrx_word' id='word_1_516' title='bbox 1461 2370 1514 2410; x_wconf 80' lang='lat'><strong>37,</strong></span> <span class='ocrx_word' id='word_1_517' title='bbox 1541 2370 1595 2411; x_wconf 84' lang='lat'>32,</span> 
     </span>
     <span class='ocr_line' id='line_1_74' title="bbox 920 2414 1597 2455; baseline -0.001 -7"><span class='ocrx_word' id='word_1_518' title='bbox 920 2417 969 2448; x_wconf 87' lang='grc'><strong>10.</strong></span> <span class='ocrx_word' id='word_1_519' title='bbox 1006 2433 1048 2438; x_wconf 84' lang='lat'><em>-</em></span> <span class='ocrx_word' id='word_1_520' title='bbox 1078 2424 1150 2446; x_wconf 82' lang='lat' dir='ltr'><strong>non</strong></span> <span class='ocrx_word' id='word_1_521' title='bbox 1197 2414 1281 2455; x_wconf 68' lang='lat' dir='ltr'><strong>quta</strong></span> <span class='ocrx_word' id='word_1_522' title='bbox 1310 2432 1351 2436; x_wconf 89' lang='lat'>—</span> <span class='ocrx_word' id='word_1_523' title='bbox 1384 2417 1489 2455; x_wconf 76' lang='lat' dir='ltr'><strong>sunt,</strong></span> <span class='ocrx_word' id='word_1_524' title='bbox 1537 2414 1597 2447; x_wconf 83' lang='lat' dir='ltr'><strong>der</strong></span> 
     </span>
     <span class='ocr_line' id='line_1_75' title="bbox 918 2458 1597 2503; baseline 0 -10"><span class='ocrx_word' id='word_1_525' title='bbox 918 2459 1119 2501; x_wconf 81' lang='lat' dir='ltr'><strong>Gonjunctiv</strong></span> <span class='ocrx_word' id='word_1_526' title='bbox 1161 2458 1277 2491; x_wconf 72' lang='lat' dir='ltr'><strong>wurde</strong></span> <span class='ocrx_word' id='word_1_527' title='bbox 1324 2458 1397 2492; x_wconf 88' lang='lat' dir='ltr'><strong>hier</strong></span> <span class='ocrx_word' id='word_1_528' title='bbox 1445 2460 1597 2503; x_wconf 82' lang='lat' dir='ltr'><strong>weniger</strong></span> 
     </span>
     <span class='ocr_line' id='line_1_76' title="bbox 916 2506 1594 2549; baseline -0.006 -11"><span class='ocrx_word' id='word_1_529' title='bbox 916 2515 1058 2549; x_wconf 79' lang='lat' dir='ltr'><strong>passen,</strong></span> <span class='ocrx_word' id='word_1_530' title='bbox 1093 2506 1146 2545; x_wconf 85' lang='lat'>39,</span> <span class='ocrx_word' id='word_1_531' title='bbox 1168 2506 1222 2545; x_wconf 81' lang='lat'><strong>41,</strong></span> <span class='ocrx_word' id='word_1_532' title='bbox 1245 2506 1275 2536; x_wconf 87' lang='grc'><strong>2.</strong></span> <span class='ocrx_word' id='word_1_533' title='bbox 1300 2523 1345 2527; x_wconf 85' lang='grc'><strong>-</strong></span> <span class='ocrx_word' id='word_1_534' title='bbox 1370 2507 1440 2547; x_wconf 75' lang='lat' dir='ltr'><strong>ipsi</strong></span> <span class='ocrx_word' id='word_1_535' title='bbox 1461 2522 1507 2534; x_wconf 90' lang='lat'>=</span> <span class='ocrx_word' id='word_1_536' title='bbox 1529 2515 1594 2539; x_wconf 74' lang='lat' dir='ltr'><strong>,ma</strong></span> 
     </span>
     <span class='ocr_line' id='line_1_77' title="bbox 916 2550 1594 2594; baseline 0.001 -10"><span class='ocrx_word' id='word_1_537' title='bbox 916 2554 1048 2594; x_wconf 79' lang='lat' dir='ltr'><strong>sponte.</strong></span> <span class='ocrx_word' id='word_1_538' title='bbox 1094 2569 1137 2574; x_wconf 90' lang='lat'><em>-</em></span> <span class='ocrx_word' id='word_1_539' title='bbox 1177 2550 1316 2591; x_wconf 72' lang='lat' dir='ltr'><strong>inflati,</strong></span> <span class='ocrx_word' id='word_1_540' title='bbox 1357 2550 1594 2593; x_wconf 82' lang='lat' dir='ltr'><strong>Naegelsbach</strong></span> 
     </span>
    </p>
   </div>
  </div>
 </body>
</html>
