1747 2796
163 45 218 84 54
256 89 260 92 ,
622 44 748 77 LIBER
772 44 917 77 XXXIX.
967 44 1060 78 CAP.
1088 46 1140 78 27.

1441 62 1466 81 a.
1485 62 1514 82 u.
1534 55 1597 82 56⁹.

119 170 139 203 3
159 162 399 213 relinquant,
418 173 490 200 nec
508 172 622 199 suum
640 172 785 198 munus
801 159 981 210 intercipi
999 159 1046 198 ab
1063 159 1137 198 alio
1149 159 1371 209 patiantur3
1389 158 1449 197 sin
1466 164 1596 198 autem

158 221 291 258 minor
311 230 405 257 cura
426 218 476 256 sit
491 217 700 256 civitatium
720 216 758 255 in
777 216 940 255 Thracia
957 216 1185 267 positarum,
1207 215 1328 255 multo
1344 215 1475 254 verius
1496 228 1595 265 esse,

161 288 260 328 quae
281 275 354 314 sub
377 274 569 313 Antiocho
584 274 744 319 fuerint,
767 272 938 324 praemia
955 272 1044 311 belli
1069 273 1286 312 Eumenem
1312 284 1429 322 quam
1445 271 1594 324 Philip-

118 341 136 373 4
158 345 251 385 pum
274 332 416 370 habere
440 331 495 370 vel
519 343 591 382 pro
608 330 729 382 patris
746 330 862 369 Attali
880 329 1027 368 meritis
1042 329 1157 376 bello,
1183 329 1287 381 quod
1303 328 1487 368 adversus
1503 328 1595 368 Phi-

157 391 309 441 lippum
332 388 460 439 ipsum
483 388 647 438 gesserit
669 387 839 438 populus
859 386 1074 434 Romanus,
1090 386 1149 425 vel
1171 386 1266 431 suis,
1290 385 1394 437 quod
1411 385 1593 425 Antiochi

157 446 260 485 bello
289 451 391 484 terra
420 445 596 496 marique
626 444 824 483 laboribus
854 443 1120 495 periculisque
1150 442 1334 481 omnihus
1359 442 1592 482 interfuerit.

115 511 134 542 5
156 502 300 542 habere
315 514 403 541 eum
422 508 621 553 praeterea
637 502 769 540 decem
786 500 1001 550 legatorum
1023 500 1064 538 in
1087 512 1169 539 eam
1191 511 1274 538 rem
1296 499 1592 550 praeiudicium,

158 560 224 611 qui
246 572 335 598 cum
358 559 645 599 Chersonesum
662 557 1025 610 Lysimachiamque
1039 556 1229 603 dederint,
1248 556 1471 596 Maroneam
1493 568 1592 607 quo-

157 629 235 668 que
249 622 366 667 atque
383 616 533 655 Aenum
556 616 734 667 profecto
756 614 920 661 dedisse,
937 626 1037 666 quae
1051 614 1132 665 ipsa
1152 613 1448 665 propinquitate
1463 612 1593 663 regio-

115 682 135 714 6
157 674 218 712 nis
258 674 363 712 velut
391 673 626 724 adpendices
661 671 819 710 maioris
849 671 1024 709 muneris
1057 676 1200 710 essent.
1242 682 1331 709 nam
1363 669 1589 721 Philippum

157 730 313 781 quidem
346 742 422 781 quo
454 735 517 768 aut
541 729 679 768 merito
703 729 741 767 in
771 728 964 779 populum
986 727 1204 767 Romanum
1230 732 1297 766 aut
1317 727 1402 765 iure
1423 726 1590 778 imperii,

155 800 245 826 cum
267 793 342 825 tam
367 787 504 838 procul
525 800 544 825 a
567 785 710 824 finibus
727 784 975 824 Macedoniae
996 784 1135 831 absint,
1163 783 1380 823 civitatibus
1397 783 1457 823 his
1477 795 1591 834 prae·

156 844 249 882 sidia
267 841 521 894 inposuisse?
547 842 675 881 vocari
692 842 902 880 Maronitas
919 841 1122 888 iuberent;
1146 840 1191 879 ab
1214 839 1262 879 iis
1279 841 1444 879 certiora
1460 840 1591 879 omnia

113 911 132 942 7
155 902 202 939 ‹le
233 906 331 940 statu
361 900 570 939 civitatium
609 911 741 938 earum
777 898 959 937 scituros.
1007 898 1123 948 legati
1156 896 1438 936 Maronitarum
1468 896 1592 935 vocati

155 970 236 996 non
258 970 337 996 uno
359 962 510 997 tantum
533 957 619 995 loco
635 956 744 995 urbis
767 955 1002 1007 praesidium
1026 955 1177 1006 regium
1194 966 1293 1001 esse,
1316 953 1417 993 sicut
1445 953 1484 992 in
1506 952 1591 992 aliis

155 1014 393 1060 civitatibus,
424 1014 629 1060 dixerunt,
651 1013 719 1052 sed
742 1011 922 1064 pluribus
943 1011 1072 1058 simul,
1095 1016 1132 1050 et
1158 1011 1311 1062 plenam
1334 1010 1590 1050 Macedonum

113 1082 132 1114 8
153 1072 375 1110 Maroneam
404 1083 501 1109 esse.
551 1071 681 1121 itaque
710 1069 903 1108 dominari
932 1069 1201 1108 adsentatores
1229 1067 1378 1118 regios;
1409 1067 1470 1106 his
1498 1066 1592 1106 solis

154 1128 262 1180 loqui
293 1134 329 1166 et
351 1128 389 1166 in
413 1134 549 1166 senatu
573 1134 610 1166 et
632 1128 670 1165 in
694 1125 946 1165 contionibus
967 1126 1098 1168 licere,
1115 1137 1181 1163 eos
1207 1136 1344 1163 omnes
1359 1125 1533 1163 honores
1554 1128 1592 1162 et

113 1196 133 1228 9
155 1198 295 1236 capere
325 1185 432 1236 ipsos
455 1190 492 1223 et
514 1185 603 1223 dare
635 1184 732 1223 aliis.
764 1183 954 1234 optimum
977 1193 1197 1233 quemque,
1221 1181 1364 1232 quibus
1389 1180 1591 1227 libertatis,

155 1242 299 1293 quihus
321 1241 451 1292 legum
475 1253 567 1280 cura
590 1241 650 1289 sit,
674 1246 739 1279 aut
760 1239 917 1279 exulare
939 1239 1076 1290 pulsos
1098 1237 1220 1289 patria
1242 1243 1308 1276 aut
1333 1238 1590 1276 inhonoratos

95 1311 136 1343 10
157 1304 196 1337 et
216 1298 476 1338 deterioribus
498 1298 689 1337 obnoxios
711 1296 839 1336 silere.
871 1297 917 1335 de
935 1296 1020 1335 iure
1041 1296 1154 1334 etiam
1175 1295 1313 1333 finium
1340 1307 1462 1346 pauca
1485 1293 1589 1333 adie-

156 1361 313 1395 cerunt:
338 1354 383 1401 Q.
398 1355 558 1394 Fabium
575 1354 811 1402 Labeonem,
828 1365 917 1392 cum
934 1352 972 1392 in
991 1352 1153 1403 regione
1175 1364 1218 1390 ea
1236 1351 1386 1399 fuisset,
1402 1350 1590 1390 direxisse

152 1414 269 1452 finem
293 1411 474 1464 Philippo
497 1418 665 1451 veterem
687 1412 784 1450 viam
807 1410 965 1462 regiam,
988 1422 1088 1461 quae
1109 1409 1154 1448 ad
1171 1407 1361 1448 Thraciae
1381 1407 1591 1447 Paroream

154 1515 208 1555 38,
235 1515 287 1554 29,
314 1514 343 1545 9.
378 1532 421 1537 --
454 1523 518 1544 nee
561 1521 602 1544 an
648 1511 712 1544 den
749 1512 834 1544 Gon-

148 1558 285 1600 junctiv
311 1556 577 1594 anschliessend,
604 1559 657 1597 38,
673 1559 726 1597 38,
741 1559 771 1590 8.
790 1576 834 1580 —

151 1606 281 1645 minor,
307 1603 356 1636 als
382 1603 435 1636 fiir
459 1603 512 1635 die
539 1602 723 1645 eigentlich
748 1602 835 1645 grie-

151 1649 329 1686 chischem
349 1651 545 1681 ciuitatium
563 1648 644 1680 kurz
665 1648 836 1679 libertatis

153 1696 360 1727 eivitatium.
386 1714 429 1717 —
454 1696 580 1735 verius,
605 1703 630 1725 S.
657 1695 833 1729 4ῡ,16,6;

152 1743 184 1778 2.
198 1742 253 1781 4‘3,
270 1742 287 1772 2
314 1739 382 1782 vgl.
409 1750 436 1772 c.
457 1740 510 1780 28,
526 1742 563 1772 5:
590 1740 736 1780 aequius
747 1749 834 1775 xeme.

152 1806 196 1809 —
211 1787 372 1828 praemia
389 1784 569 1827 allgemein
588 1787 688 1816 statt:
715 1784 764 1816 sie
782 1783 832 1816 als

153 1842 237 1864 uSW.
265 1850 309 1854 —-
333 1830 389 1862 vel
408 1833 492 1871 suis,
518 1830 606 1863 ohne
626 1840 707 1872 pro,
733 1840 758 1861 s.
777 1831 831 1869 42,

154 1878 260 1918 57,9;
295 1876 360 1909 Cle.
391 1875 444 1909 Or.
472 1877 502 1916 3,
517 1876 668 1917 25‚100:
704 1874 758 1906 vel
788 1885 832 1905 em

150 1924 264 1964 poetis
288 1922 344 1954 vel
364 1922 578 1954 oratoribus.

199 1970 297 2002 5—6.
311 1967 489 2010 praeiud„
508 1968 538 2007 3,
553 1969 607 2007 4⁴),
626 1968 676 2006 11,
694 1965 752 1997 der
770 1964 833 1997 Be—

152 2014 286 2046 schluss
310 2013 369 2045 der
385 2013 533 2054 Legaten
559 2011 624 2044 soll
649 2010 714 2043 den
736 2010 832 2043 Com-

133 2071 135 2073 *
152 2059 315 2091 missaren
341 2058 391 2091 als
409 2057 511 2090 Norm
538 2056 669 2089 dienen.
696 2057 758 2098 qui
773 2056 829 2088 hat

153 2104 225 2137 sich
251 2114 292 2136 an
317 2103 382 2136 den
400 2103 592 2135 Nebensatz
615 2101 833 2144 angeschlos-

154 2160 213 2182 sen
227 2153 268 2182 st.
278 2159 365 2191 quos
374 2159 452 2181 cum
462 2159 494 2180 a.
503 2147 556 2181 od.
566 2158 623 2179 eos
633 2149 725 2179 enim
735 2157 813 2178 cum
821 2160 834 2187 ,-

154 2205 179 2227 s.
206 2197 357 2237 9,11,3;
377 2196 430 2235 21,
451 2195 504 2230 41,
526 2195 556 2227 8.
590 2212 634 2216 --
659 2193 833 2234 dederint,

154 2241 249 2281 dazn,
276 2240 340 2272 wie
366 2250 407 2272 zu
425 2239 577 2280 dedisse,
603 2238 692 2270 kann
711 2240 744 2269 ei
771 2248 831 2270 ans

153 2296 231 2317 eum
264 2285 409 2328 gedacht
442 2284 588 2317 werden.
614 2303 658 2307 —
687 2283 832 2324 dedisse,

153 2331 187 2362 in
212 2334 294 2363 orat.
319 2334 411 2363 recta
437 2340 514 2363 cum
533 2329 832 2362 dederunt—de-

153 2376 301 2407 derunt:
318 2376 431 2409 indem
449 2376 497 2408 sie
512 2375 570 2408 das
584 2375 666 2407 Eine
680 2374 834 2417 gegeben

154 2421 282 2461 hatten,
307 2421 423 2454 hatten
449 2421 499 2454 sie
521 2420 606 2453 auch
624 2420 683 2453 das
701 2419 833 2453 Andere

154 2466 318 2507 gegeben,
342 2466 383 2499 da
409 2476 446 2499 so
472 2477 509 2499 es
533 2466 605 2499 sich
630 2476 697 2498 von
726 2465 834 2498 selbst

154 2510 321 2551 verstehe,
347 2511 392 2543 sei
413 2521 449 2543 es
471 2511 564 2544 nicht
580 2510 766 2544 besonders
784 2521 834 2543 er-

903 1510 1010 1547 klart3
1039 1509 1223 1551 allerdings
1248 1509 1305 1551 lag
1322 1508 1435 1542 dieses
1460 1508 1495 1541 in
1511 1507 1588 1541 dem

902 1555 1101 1598 Ausspruch
1127 1556 1180 1595 3⁵3,
1196 1556 1250 1596 39,
1268 1556 1327 1587 14:
1358 1555 1484 1596 quibus
1507 1553 1589 1594 fini-

904 1603 966 1633 bus
991 1604 1155 1633 tenuerat
1178 1599 1388 1641 Antiochus,
1413 1598 1454 1632 da
1479 1598 1589 1633 dieser

904 1646 991 1679 auch
1007 1646 1122 1679 Aenus
1146 1657 1177 1679 u.
1196 1644 1356 1678 Maronea
1379 1645 1514 1678 besetzt
1531 1654 1589 1687 ge-

904 1691 987 1724 habt
1011 1691 1117 1732 hatte,
1141 1701 1167 1724 s.
1183 1693 1238 1732 37,
1251 1693 1295 1724 60
1320 1689 1387 1732 vgl.
1403 1689 1448 1723 ib.
1464 1692 1517 1731 54,
1534 1693 1567 1723 11
1578 1717 1585 1723 .

905 1756 947 1760 -
962 1736 1158 1778 αιίρεηιίἱο.,
1177 1738 1230 1777 21,
1244 1738 1276 1776 5,
1294 1737 1344 1769 11.
1359 1753 1403 1759 --
1419 1745 1504 1767 nam
1519 1735 1587 1768 wie

902 1793 929 1815 c.
945 1783 999 1822 26,
1015 1784 1043 1814 3.
1062 1801 1107 1805 -
1122 1781 1211 1814 ΡΙιίῖ.
1229 1780 1338 1823 qnid„
1364 1780 1585 1822 wenigstens,

902 1829 970 1860 erst
995 1827 1082 1859 habe
1107 1835 1167 1868 gar
1190 1826 1314 1859 keinen
1339 1825 1527 1869 Anspruch.
1542 1845 1586 1850 —-

903 1884 933 1915 q.
960 1875 1024 1905 aut
1050 1882 1147 1913 mer„
1172 1872 1239 1915 vgl.
1258 1873 1380 1912 2447,
1395 1873 1425 1904 5.
1440 1873 1585 1912 —scit.‚

903 1921 956 1955 35.
972 1919 1026 1958 38,
1046 1919 1093 1951 14.
1140 1922 1141 1925 ’

948 1965 1070 1996 ἰ’-10.
1095 1963 1364 2002 urbis—civit„
1391 1971 1453 1994 nur
1468 1971 1526 1995 um
1543 1972 1585 1995 zu

903 2008 1088 2050 wechseln,
1113 2006 1216 2050 praef.
1239 2009 1348 2040 11.—
1368 2006 1513 2049 adserat„
1529 2008 1584 2048 31,

903 2056 957 2095 25,
975 2055 1024 2087 10.
1039 2073 1083 2077 -—
1095 2056 1274 2085 senat-a—
1285 2055 1388 2093 cont„
1402 2051 1488 2085 nach
1501 2055 1583 2086 rom.

902 2099 1132 2141 Vorstellung.
1158 2118 1202 2122 —
1227 2098 1344 2140 legum
1375 2097 1420 2130 im
1454 2097 1585 2140 Gegen-

902 2149 994 2178 satze
1029 2155 1069 2177 zu
1094 2144 1153 2177 der
1180 2143 1400 2186 koniglichen
1425 2142 1583 2184 Willksir,

902 2191 969 2233 vgl.
997 2191 1026 2224 2
1047 2194 1073 2231 l,
1092 2192 1118 2223 1.
1136 2189 1401 2222 —detem'm-ib.
1419 2189 1509 2229 obn„
1528 2189 1582 2229 38,

903 2238 956 2272 34,
971 2237 1001 2269 9.
1027 2255 1072 2258 -
1102 2237 1181 2267 iure
1203 2234 1278 2275 fin„
1309 2233 1363 2266 die
1396 2212 1583 2275 gesetzlicli

900 2281 1119 2314 bestimmten
1152 2279 1313 2312 Grenzen.
1342 2297 1387 2302 —-
1417 2277 1582 2320 Fabium,

902 2326 958 2359 bei
982 2326 1040 2358 der
1065 2327 1118 2365 37,
1133 2327 1187 2366 60,
1201 2327 1219 2358 7
1250 2323 1448 2357 erwahnten
1473 2323 1584 2367 Expe—

903 2371 1021 2405 dition.
1050 2389 1095 2394 —
1131 2369 1256 2403 Thrac.
1287 2370 1425 2409 Paron,
1457 2370 1512 2409 42,
1526 2372 1581 2410 51,

903 2420 940 2451 5.
966 2417 1122 2449 Paeones
1145 2418 1179 2447 et
1201 2426 1247 2448 eae
1262 2415 1419 2447 Par-orsa
1443 2417 1478 2447 et
1495 2415 1583 2448 Par—

900 2462 1100 2505 strymonia
1113 2462 1210 2501 (sunt
1221 2463 1338 2493 autem
1355 2469 1396 2492 ea
1413 2458 1491 2493 loca
1501 2461 1582 2494 sub-

902 2510 990 2539 iecta
1013 2505 1197 2546 Thraciae)
1221 2508 1256 2538 et
1270 2505 1469 2547 Agrianes;
1493 2504 1580 2540 Plin.
