1747 2796
239 51 293 96 56
693 54 818 87 LIBER
842 54 989 88 XXXIX.
1038 55 1130 88 CAP.
1157 57 1209 89 28.

1508 74 1534 93 a.
1554 74 1584 93 u.
1603 67 1663 93 569.

199 178 219 209 5
239 170 375 208 mistis.
416 181 487 220 pro
512 181 589 207 non
613 169 730 207 dubio
752 169 868 219 paulo
891 175 1000 217 ante,
1022 169 1055 208 si
1077 169 1150 208 diis
1171 169 1314 220 placet,
1340 168 1454 220 legati
1476 169 1665 209 Eumenis

240 226 463 273 sumebant,
488 238 585 277 quae
607 226 788 265 Antiochi
808 227 989 273 fuerunt,
1011 226 1226 265 Eumenem
1248 226 1411 278 aequius
1440 239 1525 265 esse
1547 239 1661 278 quam

236 295 300 321 vme
323 282 478 321 habere.
514 282 549 321 id
574 294 645 332 ego
666 282 783 332 longe
805 283 914 321 aliter
935 282 1065 321 iudico
1087 295 1184 321 esse.
1224 282 1420 321 Eumenes
1441 283 1545 322 enim
1567 296 1660 324 non.

240 339 314 377 nisi
331 339 701 386 vicissentRomani,
719 339 799 386 sed,
818 339 891 378 nisi
904 338 1048 377 bellum
1067 340 1292 389 gessissent,
1314 340 1522 378 manerein
1538 351 1654 390 regno

197 404 217 435 6
238 408 309 434 suo
327 408 405 434 non
427 395 565 446 potuit.
588 396 718 447 itaque
735 396 799 434 ille
817 402 986 434 vestrum
1003 396 1184 435 meritum
1203 395 1330 442 habet,
1353 408 1432 435 non
1450 408 1516 435 vos
1533 396 1652 441 illiu5;

238 452 314 491 mei
334 459 462 491 autem
483 453 593 503 regni
615 459 765 491 tantum
789 452 919 491 aberat
941 459 983 491 ut
1006 453 1080 491 ulla
1104 465 1193 503 pars
1214 453 1253 491 in
1277 452 1502 493 discrimine
1531 450 1654 498 suen't,

239 514 281 547 ut
297 509 369 547 tria
385 509 489 548 milia
506 509 694 548 talentum
713 516 747 547 et
767 509 1051 560 quinquaginta
1067 514 1189 548 tectas
1205 521 1321 548 naves
1338 516 1375 549 et
1391 522 1526 549 omnes
1543 511 1654 550 Gnae-

239 565 320 604 ciae
344 566 526 613 civitates,
550 578 645 616 quas
667 572 777 604 antea
792 566 1019 613 tenuissem,
1041 566 1288 617 pollicentem
1306 566 1410 605 ultro
1425 566 1654 605 Antiochum

196 632 213 662 ’ῐ
237 622 276 660 in
309 623 524 661 mercedem
557 623 752 661 societatis
776 623 848 661 sim
881 630 1134 673 aspernatus;
1166 623 1397 674 hostemque
1429 623 1462 662 ei
1484 635 1546 662 me
1568 634 1655 661 esse

237 679 347 730 prius
369 680 480 718 etiam
495 710 503 726 ,
536 692 650 730 quam
672 679 733 717 Μ’.
757 679 902 717 Acilius
934 680 1147 718 exercitum
1179 680 1217 718 in
1241 679 1439 719 Graeciam
1466 680 1653 725 traiceret,

236 736 415 786 praetuli.
438 742 475 774 et
496 748 583 774 cum
603 749 647 774 eo
668 735 830 774 consule
846 735 935 774 belli
953 741 1116 787 partem,
1139 749 1425 787 quamcumque
1441 737 1534 775 mihi
1551 735 1655 774 dele·

195 801 215 833 8
236 792 348 843 gavit,
366 793 480 843 gessi,
514 798 551 831 et
566 793 790 843 insequenti
804 792 969 840 consuli,
986 792 1029 831 L.
1043 792 1231 844 Scipioni,
1251 799 1450 832 cumterra
1462 792 1656 832 statuisset

236 849 378 888 ducere
400 849 612 888 exercitum
635 850 679 888 ad
703 849 1013 900 Hellespontum.
1038 862 1116 888 non
1139 850 1212 888 iter
1231 855 1382 889 tantum
1404 862 1475 901 per
1494 860 1655 898 regnum

236 911 414 944 nostrum
445 906 552 952 dedi,
585 906 650 945 sed
684 906 762 944 vias
784 906 896 944 etiam
919 906 1088 952 munivi,
1120 912 1261 957 pontes
1293 906 1389 952 feci,
1421 911 1655 945 commeatus

195 972 214 1004 9
234 962 410 1012 praebui,
441 975 514 1001 nec
535 975 606 1014 per
626 963 889 1001 Macedoniam
910 968 1060 1001 tantum
1074 994 1083 1009 ,
1114 963 1181 1001 sed
1203 975 1275 1014 per
1295 963 1494 1002 Thraciam
1525 962 1653 1009 etiam,

176 1029 214 1060 10
234 1018 300 1057 uhi
318 1019 421 1058 inter
442 1026 568 1057 cetera
595 1032 666 1070 pax
691 1032 847 1070 quoque
871 1020 1099 1071 praestanda
1121 1032 1142 1058 a
1168 1019 1342 1059 barbaris
1367 1027 1460 1059 erat.
1487 1031 1560 1070 pro
1581 1019 1656 1057 hoc-

233 1075 361 1114 studio
378 1088 464 1114 meo
483 1087 571 1126 erga
589 1089 669 1121 vos,
687 1089 736 1115 ne
754 1076 877 1114 dicam
895 1076 1045 1122 merito,
1068 1082 1199 1115 utrum
1217 1077 1371 1116 adicere
1384 1089 1458 1119 vos,
1477 1075 1656 1123 Romani,

233 1151 312 1184 weil
338 1152 396 1184 der
421 1153 522 1185 letzle
549 1153 606 1185 der
640 1154 796 1196 princeps
822 1154 912 1195 lega-

234 1197 335 1230 tionis
360 1207 448 1230 war.
468 1208 494 1230 c.
522 1200 575 1239 33,
591 1201 619 1232 3.

278 1245 376 1276 5—9.
392 1253 458 1285 pro
475 1263 521 1267 —
536 1245 676 1284 sumeb„
702 1244 767 1276 wie
786 1245 913 1276 habere

233 1299 303 1320 esse
313 1299 391 1330 pro,
409 1289 493 1321 auch
511 1299 577 1321 von
590 1289 704 1321 Cicero
716 1290 910 1331 gebrant-ht.

231 1352 276 1356 —
299 1333 459 1372 luerunt.
486 1344 510 1366 s.
538 1336 591 1375 36,
607 1336 735 1371 39.10;
759 1338 790 1368 9.
806 1336 910 1369 25.5:

232 1377 269 1411 Κ.
297 1380 372 1412 224.
391 1398 435 1402 —
458 1390 541 1420 non,
566 1382 637 1411 nisi
662 1379 736 1412 sind
761 1380 851 1412 nicht
872 1390 910 1413 zu

231 1424 415 1457 verbinden
426 1435 551 1466 =nur‚
571 1425 716 1457 sondern
734 1435 805 1457 non
819 1425 907 1457 steht

230 1469 291 1502 sed
306 1469 501 1512 gegenfiber
513 1470 581 1502 und
594 1470 686 1503 stellt
701 1470 764 1503 den
780 1480 909 1512 ganzen

231 1514 432 1548 Gedanken:
448 1517 519 1547 nisi
528 1517 691 1547 vicissent
703 1535 743 1539 —
753 1526 824 1548 non
836 1520 910 1557 <po-

231 1562 300 1592 tuit
321 1566 494 1601 manere),
521 1560 596 1593 dem
614 1561 759 1593 zweiten
784 1563 855 1592 nisi
867 1581 911 1584 —

227 1607 417 1647 gessissent
439 1616 582 1638 manere
602 1617 673 1638 non
697 1608 817 1648 potuit
840 1611 911 1639 ent-

229 1660 356 1692 gegen:
395 1651 561 1683 Eumenes
598 1652 710 1684 hatte.
748 1652 801 1684 ich
838 1652 908 1683 will

230 1695 321 1728 nicht
347 1705 461 1737 sagen,
487 1706 643 1728 wenn—
660 1697 754 1729 nicht
779 1697 910 1739 gesiegt

229 1741 358 1776 hatten.
385 1741 456 1773 sich
482 1741 573 1774 nicht
590 1742 623 1774 in
642 1741 700 1774 der
717 1741 907 1779 Herrschaft

229 1786 423 1829 behaupten
448 1786 603 1825 konnen,
634 1786 777 1819 sondern
803 1787 908 1820 schon

230 1841 329 1864 wenn
356 1832 403 1864 sie
428 1851 472 1855 ——
506 1832 597 1864 nicht
632 1832 764 1874 gefiihrt
792 1832 907 1865 hatten

229 1887 313 1910 uSW.
328 1896 370 1900 —
388 1887 531 1909 manere
546 1896 591 1900 —
608 1888 680 1909 non
704 1878 747 1910 ist
766 1888 826 1910 vor
848 1888 909 1919 po—

231 1925 299 1954 tnit
322 1933 383 1955 nur
400 1922 611 1959 wiederholt,
638 1923 717 1955 heht
745 1922 803 1955 das
821 1928 908 1955 erste

229 1977 301 1999 non
311 1967 403 2000 nicht
415 1967 480 2000 auf.
491 1987 535 1991 —
545 1969 859 2000 vestmzmm.l1ab..·
875 1978 909 2001 er

228 2012 353 2045 besitzt
367 2023 463 2047 usw..
478 2023 514 2045 er
526 2013 569 2045 ist
584 2014 668 2046 euch
682 2013 907 2047 versehuldet.

228 2057 393 2090 verdankt
419 2059 503 2091 euch
522 2058 585 2091 den
603 2058 717 2091 Besitz
740 2058 798 2091 der
814 2058 909 2091 Herr-

229 2103 348 2136 schaft.
365 2122 409 2127 —
424 2107 560 2135 tantum
585 2105 708 2136 aberat
723 2107 818 2136 ut—
831 2103 907 2142 fue-

227 2150 287 2182 rit.
313 2150 367 2189 40,
386 2150 435 2189 19,
450 2151 488 2181 6:
516 2152 614 2181 tanta
632 2152 717 2189 erat,
742 2152 783 2181 ut
796 2169 839 2172 —
854 2161 907 2181 re-

227 2195 494 2233 nuntiaverint5
528 2197 557 2235 3,
581 2196 634 2234 29,
658 2196 693 2231 3:
713 2197 766 2228 45.
789 2197 842 2228 43.
867 2196 904 2232 83

227 2241 282 2279 44,
297 2240 402 2278 6,16;
429 2238 495 2281 vgl.
523 2242 553 2274 7.
568 2242 599 2281 4,
613 2242 650 2275 4:
677 2239 743 2272 Cic.
767 2239 858 2272 Verr.
875 2241 905 2274 2.

232 2286 259 2323 1,
275 2286 328 2320 30,
343 2286 384 2316 75
403 2295 434 2317 u.
451 2295 499 2321 a.;
527 2288 663 2317 tantum
689 2286 784 2317 abest
805 2288 846 2317 nt
862 2304 905 2309 —-

226 2329 906 2371 uto,15,5;ib.31,4:ut—ntcontra;

227 2373 378 2416 dagegen
404 2376 446 2407 ab
473 2386 510 2407 eo
536 2379 575 2407 ut
597 2395 642 2398 —
666 2379 706 2407 ut
730 2377 829 2417 25,6,
849 2377 904 2413 11;

229 2419 290 2450 mit
315 2419 501 2452 einsachem
527 2424 567 2452 nl
583 2423 614 2461 4,
629 2422 683 2459 58,
699 2422 736 2457 2:
752 2423 783 2459 G,
798 2423 851 2457 32.
868 2422 903 2457 1;

228 2464 282 2502 26,
297 2465 349 2504 31,
364 2467 393 2497 5.
411 2484 455 2489 —
473 2467 543 2497 tria
559 2476 603 2497 m.
621 2470 698 2505 etc,
715 2465 808 2498 diese
826 2465 906 2498 Ver—

227 2507 453 2550 handlungen.
479 2510 532 2542 die
558 2511 632 2543 dem
659 2510 765 2543 Rathe
783 2511 905 2543 Hanni-

980 1153 1055 1186 bals
1089 1155 1142 1186 36.
1166 1156 1196 1186 7.
1219 1155 1237 1186 3
1275 1154 1498 1196 entsprocnen
1534 1153 1656 1193 haben,

981 1199 1061 1231 aber
1092 1199 1151 1231 mit
1185 1198 1260 1231 dem
1286 1198 1450 1240 38,&,3t
1475 1198 1656 1231 Erzahlten

981 1244 1014 1276 in
1026 1243 1267 1286 Widerspruch
1280 1245 1400 1277 stehen
1409 1244 1557 1283 wiirden.
1572 1253 1657 1276 wer-

982 1289 1045 1322 den
1080 1300 1141 1322 nur
1174 1299 1240 1322 von
1275 1289 1392 1323 Zonar.
1426 1291 1454 1330 9,
1476 1291 1527 1330 19,
1542 1300 1573 1332 p.
1589 1291 1650 1323 261

982 1334 1205 1377 angedeutet.
1239 1340 1335 1368 sonst
1368 1335 1455 1368 nicht
1490 1334 1654 1376 erwahnt,

982 1380 1104 1413 Nissen
1128 1382 1197 1413 179.
1216 1400 1261 1404 —
1277 1382 1315 1412 in
1339 1380 1497 1421 merced„
1522 1390 1560 1413 so
1577 1379 1655 1413 dass

980 1425 1028 1458 sie
1061 1425 1119 1458 der
1150 1425 1244 1458 Lohn
1277 1427 1409 1467 waren,
1439 1436 1506 1458 von
1540 1425 1655 1458 Cicero

980 1470 1073 1504 nicht
1100 1481 1137 1503 so
1163 1470 1359 1512 gebrancht,
1384 1471 1450 1513 vgl.
1477 1472 1600 1512 4239,
1616 1472 1655 1503 7:

978 1518 1017 1548 in
1037 1518 1171 1558 pignus
1194 1516 1280 1556 fidei
1295 1516 1429 1548 obsides
1444 1516 1636 1549 desiderati
1643 1529 1656 1556 ‚-

978 1561 1094 1594 lustin.
1129 1564 1159 1603 7,
1175 1563 1256 1602 3,2;
1272 1563 1325 1603 22,
1341 1563 1423 1602 3,4;
1455 1561 1498 1594 ib.
1536 1563 1654 1602 11,12,

981 1608 1017 1640 2;
1043 1609 1081 1638 in
1101 1608 1258 1649 prelium
1282 1617 1433 1648 regnum
1456 1607 1573 1647 dedit;
1602 1607 1655 1648 38,

980 1655 1011 1685 5.
1027 1654 1064 1685 3:
1084 1655 1121 1684 in
1139 1652 1253 1684 dotem
1267 1652 1373 1693 dare,·
1390 1655 1428 1684 in
1439 1652 1657 1695 supplemen-

979 1701 1051 1729 tum
1078 1697 1145 1730 und
1176 1698 1453 1740 supplementum
1484 1699 1657 1730 seribere:

977 1745 1014 1774 in
1037 1744 1236 1785 praemium
1269 1742 1335 1775 und
1358 1745 1518 1784 praemio
1549 1742 1656 1783 dare,-

979 1793 1086 1820 etwas
1119 1787 1239 1820 anders
1268 1787 1395 1820 Seneca
1428 1787 1545 1820 Renes.
1579 1791 1654 1829 4,1,

979 1834 1019 1866 2:
1047 1834 1190 1865 honesta
1222 1833 1415 1865 mercedem
1447 1833 1588 1873 calmet,-
1619 1834 1653 1867 L.

979 1879 1101 1915 21,43.
1124 1880 1161 1915 7:
1195 1877 1261 1920 vgl.
1297 1879 1351 1919 32,
1373 1879 1427 1919 38,
1449 1880 1486 1916 3:
1519 1877 1657 1922 Madvig

978 1923 1049 1955 will
1074 1925 1110 1954 in
1141 1923 1257 1965 tilgen.
1286 1942 1323 1946 —
1349 1925 1470 1966 prius,
1503 1934 1527 1956 s.
1556 1926 1610 1966 36,
1624 1926 1655 1966 8,

978 1971 1006 2002 6.
1034 1988 1078 1991 ——
1099 1968 1274 2011 praetuli,
1304 1979 1328 2001 s.
1355 1970 1409 2010 42,
1430 1973 1478 2010 14,
1493 1971 1531 2007 5;
1554 1972 1585 2011 3,
1604 1971 1654 2011 12,

976 2016 1006 2047 9.
1033 2033 1076 2037 -—
1102 2017 1208 2055 ter-ra,
1233 2024 1258 2047 5.
1286 2015 1339 2053 24,
1362 2016 1415 2055 40,
1434 2017 1490 2053 17;
1514 2016 1567 2056 37,
1588 2017 1655 2057 9,6

976 2071 1006 2092 u.
1034 2069 1061 2092 a.
1088 2079 1131 2083 —
1156 2062 1315 2091 nostrum
1338 2079 1385 2083 —
1407 2062 1562 2101 munivi,
1586 2060 1654 2103 vgl.

976 2107 1029 2141 40.
1045 2107 1076 2145 9,
1090 2107 1108 2137 5
1124 2104 1176 2141 ff:
1195 2104 1261 2138 Cic.
1277 2105 1345 2147 Lig.
1361 2107 1392 2145 7,
1407 2106 1468 2138 20:
1494 2108 1655 2138 omittam

974 2169 1019 2174 -
1044 2153 1211 2182 nostram.
1236 2169 1280 2174 —
1309 2152 1401 2191 vias,
1434 2160 1459 2183 S.
1487 2153 1585 2192 37‚7,
1603 2152 1653 2184 15.

974 2214 1019 2219 --
1047 2198 1179 2237 praest.
1211 2206 1233 2227 α
1264 2197 1361 2228 barb.
1396 2205 1426 2227 n.
1459 2196 1550 2227 milti
1566 2194 1654 2228 ,Ro-

974 2243 1106 2282 manis,
1143 2241 1196 2274 ein
1233 2239 1549 2273 Missverstiindniss
1584 2250 1655 2274 war

976 2285 1067 2318 nicht
1101 2296 1140 2318 zu
1166 2286 1352 2328 besorgen,
1377 2294 1402 2317 s.
1428 2286 1460 2325 9,
1476 2286 1528 2327 20,
1544 2287 1652 2327 7;40,

976 2333 1029 2369 34,
1056 2333 1113 2367 142
1141 2341 1240 2373 pax:
1274 2340 1316 2362 zu
1348 2329 1541 2364 bewirken.
1575 2331 1653 2364 dass

975 2375 1028 2408 die
1038 2375 1161 2407 Romer
1174 2375 1266 2407 nicht
1280 2374 1487 2417 angegriffen
1502 2376 1651 2410 wurden.

1023 2422 1164 2453 10—-14,
1190 2430 1233 2452 ne
1262 2419 1349 2461 die„
1383 2430 1440 2453 um
1472 2421 1565 2454 nicht
1598 2422 1652 2454 ein

975 2475 1015 2498 zu
1041 2465 1107 2497 viel
1127 2465 1293 2507 sagendes
1309 2475 1410 2498 wenn
1427 2466 1513 2499 auch
1529 2466 1652 2509 gei-ade

974 2510 1243 2543 bezeichnendes
1268 2509 1365 2543 Wort
1397 2521 1437 2543 zu
1462 2511 1651 2549 brauchen:
