1779 2893
147 98 173 118 a.
191 88 244 117 Ch.
268 90 327 117 1¹19.

611 78 740 112 LIBER
764 79 901 113 XXXX.
951 78 1128 114 CAP.”47.

1524 76 1605 116 199

145 195 296 248 pellant
317 195 503 236 Celtiberi
523 218 578 224 —
602 196 796 247 pervenit.
839 195 907 235 ubi
929 208 1021 235 cum
1042 195 1120 235 iam
1141 208 1262 248 opera
1281 195 1519 246 admoveret,
1542 209 1607 236 ve·
1629 203 1647 236 3

145 253 264 293 niunt
284 253 402 305 legati
423 265 471 292 ex
492 253 654 305 oppido,
677 265 850 305 quorum
871 265 1002 293 sermo
1024 253 1211 305 antiquae
1233 253 1497 305 simplicitatis
1518 254 1606 301 fuit,

146 323 229 350 non
264 310 599 351 dissimulantium
623 310 861 360 bellaturos,
896 311 929 351 si
947 311 1052 350 vires
1074 318 1220 351 essent.
1262 312 1466 363 petierunt
1487 311 1608 361 enim,
1630 318 1650 351 4

144 373 190 408 ut
221 368 295 408 sibi
328 367 368 407 in
402 373 527 408 castra
552 367 842 408 Celtiberorum
862 369 920 408 ire
941 368 1080 409 liceret
1101 368 1149 408 ad
1170 368 1314 408 auxilia
1335 368 1544 409 accienda:
1576 368 1633 408 si-

145 438 228 465 non
245 425 540 478 impetrassent,
563 430 647 465 tum
665 426 876 479 separatim
893 427 989 477 [eos]
1008 425 1054 466 ab
1072 426 1150 466 illis
1167 439 1208 466 se
1222 426 1493 467 consulturos.
1516 439 1609 479 per-

142 483 328 523 mittente
347 483 525 522 Graccho
544 483 679 523 ierunt
697 490 735 523 et
751 491 842 536 post
858 484 999 536 paucis
1016 483 1156 524 diebus
1177 483 1276 523 alios
1298 484 1436 523 decem
1457 484 1609 537 legatos

144 552 281 580 secum
311 541 575 581 adduxerunt.
618 541 882 582 meridianum
904 548 1063 593 tempus
1087 547 1181 581 erat.
1224 541 1325 581 nihil
1347 542 1459 594 prius
1481 542 1610 594 petie·
1631 549 1651 581 5

141 604 239 638 runt
269 610 289 637 a
310 603 517 650 praetore,
548 611 665 650 quam
688 606 733 639 ut
763 600 900 639 bibere
929 599 1003 639 sibi
1026 599 1182 639 iuberet
1201 598 1298 638 dari.
1321 599 1449 651 epotis
1471 600 1610 651 primis

142 655 301 707 poculis
327 655 473 695 iterum
495 664 793 708 poposcerunt,
825 670 969 709 magno
994 657 1077 696 risu
1101 657 1444 696 circumstantium
1468 656 1508 696 in
1531 663 1611 696 tam

141 713 310 754 rudibus
342 719 381 753 et
410 713 534 753 moris
570 714 700 754 omnis
722 714 873 766 ignaris
895 715 1081 767 ingeniis.
1123 720 1207 754 tum
1229 714 1425 753 maximus
1447 720 1541 754 natu
1565 727 1612 754 ex
1632 721 1653 754 6

142 771 191 811 iis
227 771 373 820 „missi
404 773 577 811 sumus“
610 772 743 824 inquit
772 786 821 822 „a
854 779 971 824 gente
1003 778 1159 822 nostra,
1201 771 1268 823 qui
1300 771 1610 819 sciscitaremur,

143 841 221 881 qua
249 829 410 868 tandem
440 841 483 868 re
504 829 631 869 fretus
653 842 760 870 arma
783 830 899 870 nobis
919 831 1102 869 inferres.
1117 831 1132 849 ‘⁴
1175 829 1223 868 ad
1244 829 1347 875 hanc
1372 835 1613 881 percuncta-
1635 837 1652 869 '1

140 886 291 926 tionem
314 886 517 927 Gracchus
552 888 727 927 exercitu
749 901 791 928 se
815 887 974 939 egregio
996 887 1182 926 fidentem
1204 887 1361 926 venisse
1383 886 1611 939 respondit;

143 956 262 996 quem
281 944 314 983 si
336 944 412 996 ipsi
434 944 561 984 visere
582 944 716 994 velint,
741 958 820 996 quo
845 945 1015 985 certiora
1037 945 1085 984 ad
1107 957 1203 984 suos
1226 944 1413 990 referant,
1438 950 1614 996 potesta-

141 1007 223 1041 tem
239 1014 281 1041 se
300 1001 357 1042 eis
378 1002 577 1042 facturum
600 1014 712 1049 esse;
736 1002 991 1053 tribunisque
1013 1002 1184 1041 militum
1208 1002 1390 1054 imperat,
1414 1009 1458 1042 ut
1479 1002 1615 1042 ornari
1636 1009 1655 1042 8

142 1071 282 1099 omnes
306 1060 441 1112 copias
463 1059 640 1112 peditum
665 1060 927 1112 equitumque
950 1067 987 1100 et
1010 1060 1224 1099 decurrere
1247 1058 1411 1099 iubeant
1432 1065 1612 1099 armatas.

140 1116 189 1156 ab
206 1117 283 1156 hoc
304 1116 532 1169 spectaculo
555 1117 673 1169 legati
695 1116 848 1157 dimissi
875 1117 1158 1156 deterruerunt
1180 1129 1275 1156 suos
1297 1116 1344 1156 ab
1367 1116 1513 1156 auxilio
1537 1117 1615 1156 cir-

141 1186 369 1214 cumsessae
403 1173 493 1213 urbi
524 1174 703 1214 ferendo.

758 1174 948 1227 oppidani
980 1187 1070 1214 cum
1104 1174 1218 1226 ignes
1252 1181 1370 1214 nocte
1396 1187 1414 1214 e
1437 1174 1616 1214 turribus
1637 1181 1657 1214 9

140 1231 410 1284 nequiquam,
442 1231 550 1283 quod
572 1231 732 1283 signum
757 1237 1021 1281 convenerat,
1052 1231 1332 1277 sustulissent,
1367 1232 1545 1272 destituti
1568 1231 1615 1271 ab

140 1289 259 1329 unica
289 1301 362 1342 spe
392 1289 527 1329 auxilii
559 1289 600 1329 in
635 1290 878 1330 deditionem
910 1295 1120 1330 venerunt.

141 1414 340 1447 'aussersten
399 1414 554 1448 Grenzen
615 1414 853 1449 Celtibericus,

141 1459 289 1493 sondern
332 1460 422 1493 noch
463 1460 585 1494 weiter
625 1460 854 1494 siidwestlich

141 1505 326 1547 erscheint,
362 1516 401 1540 so
440 1506 532 1540 kann
566 1506 679 1540 dieses
713 1507 769 1540 bei
796 1506 854 1540 der

140 1552 202 1585 Art
227 1551 287 1585 der
311 1551 533 1596 Darstellung
566 1552 625 1585 der
650 1552 854 1585 Annalisten

141 1597 211 1631 und
237 1597 297 1631 der
314 1597 555 1632 Unsicherheit
583 1598 642 1632 der
660 1599 710 1632 hs.
728 1598 854 1631 [eber-

141 1642 313 1687 lieferung
326 1643 421 1677 nicht
439 1644 612 1685 auffallen,
631 1645 699 1687 vgl.
728 1646 782 1685 24,
798 1646 852 1684 42,

146 1692 180 1728 1;
207 1689 282 1723 ClL.
307 1689 335 1722 11
360 1701 391 1734 p.
419 1692 483 1724 247
513 1690 558 1733 fg.
589 1690 714 1734 Inscpt.
744 1690 850 1723 salsae

142 1747 173 1770 n.
207 1737 268 1770 152
286 1735 339 1774 ff.;
366 1747 397 1769 n.
424 1738 492 1771 464
510 1736 532 1769 f.

189 1783 290 1816 3—5.
317 1784 443 1825 antiq„
462 1782 754 1816 alterthfimliche.
781 1782 852 1815 bie-

142 1826 221 1861 dere
246 1827 385 1862 Einsalt.
411 1847 457 1852 —
482 1828 597 1861 bellat.
625 1839 652 1862 c.
680 1829 734 1870 38,
751 1830 779 1861 5.
807 1848 852 1852 —

143 1884 201 1906 eos
226 1873 358 1907 konnte
384 1874 458 1908 sich
483 1885 546 1908 nur
572 1874 632 1908 aus
649 1874 703 1907 die
721 1873 853 1917 Biirger

143 1919 202 1953 der
216 1918 317 1953 Stadt
330 1919 516 1954 beziehen:
542 1920 592 1953 sie
606 1920 749 1953 wi'irden
764 1920 853 1954 ohne

143 1965 333 1999 Rficksicht
374 1966 435 2000 auf
473 1966 527 1999 die
569 1966 758 2000 Celtiberer
799 1966 854 1999 die

141 2010 273 2055 Burger
296 2022 339 2045 zu
364 2011 475 2046 Rathe
508 2012 648 2053 zieben,
688 2012 760 2046 sich
793 2012 853 2045 mit

145 2057 262 2091 diesen
281 2058 460 2100 berathen,
479 2060 511 2100 6,
525 2060 579 2100 39,
599 2060 617 2092 2
634 2073 640 2097 ;
668 2058 756 2092 doch
774 2058 855 2091 kam

145 2103 258 2137 dieses
283 2103 350 2137 den
367 2103 564 2138 Gesandteu
586 2105 681 2138 nicht
706 2115 758 2145 zu,
786 2104 856 2138 und

141 2161 179 2182 se
215 2149 303 2183 wird
339 2149 460 2183 besser
491 2160 560 2183 von
597 2150 663 2184 den
699 2150 856 2193 Bsirgern

143 2195 194 2229 als
219 2195 286 2230 den
310 2194 552 2229 Berathenden
587 2196 670 2229 oder
699 2195 765 2229 den
789 2196 854 2230 Ge-

144 2241 301 2283 sandteu,
323 2241 481 2275 insofern
496 2241 545 2275 sie
560 2241 654 2275 diese
667 2246 853 2284 vertreten,

143 2287 364 2330 verstanden‚
389 2287 459 2321 und
484 2298 543 2320 eos
567 2288 737 2328 entfernt,
773 2287 856 2321 oder

145 2343 182 2366 es
207 2333 254 2367 ist
277 2343 361 2367 suos
378 2335 422 2366 ab
435 2333 510 2366 illis
522 2345 569 2376 se,
586 2334 656 2377 vgl.
672 2335 728 2375 23,
743 2335 797 2367 20.
814 2335 853 2370 4:

144 2379 238 2413 Caes.
267 2378 304 2413 B.
325 2379 358 2413 C.
388 2381 418 2421 1,
441 2381 497 2421 76,
514 2381 552 2413 2:
580 2391 694 2423 neque
714 2381 784 2412 sibi
803 2390 856 2412 se-

142 2427 302 2467 paratim
327 2436 349 2458 a
373 2425 524 2468 reliquis
557 2426 748 2459 consilium
776 2436 856 2468 cap-

145 2474 265 2513 turos,
290 2470 344 2505 od.
379 2482 455 2504 sese
479 2473 522 2504 ab
550 2474 594 2504 iis
619 2483 692 2505 esse
717 2475 782 2505 etc.
815 2481 856 2504 zu

144 2516 239 2550 lesen
274 2516 312 2550 K.
342 2518 417 2550 105.
443 2536 489 2541 —
511 2521 594 2560 post
614 2529 649 2561 p.
675 2518 720 2559 d.,
747 2528 774 2550 c.
802 2520 857 2554 57,

145 2564 183 2600 2;
210 2573 252 2596 zu
278 2564 332 2603 32,
352 2565 384 2604 5,
406 2565 466 2600 10;
493 2564 622 2597 ebenso
649 2567 732 2597 ante
759 2574 786 2596 c.
803 2564 858 2603 52,

916 1417 943 1449 1,
971 1414 1040 1457 vgl.
1065 1417 1148 1457 post
1172 1414 1358 1456 aliquanto
1378 1415 1408 1447 2.
1425 1415 1479 1452 31,
1495 1416 1560 1447 411.
1578 1414 1619 1455 a,

912 1460 1225 1503 dagege11c.51,4:
1243 1463 1325 1502 post
1338 1459 1620 1502 aliquotannos:

909 1509 991 1549 post
1011 1516 1148 1549 paucos
1174 1506 1248 1538 dies
1274 1507 1328 1540 39.
1343 1508 1398 1541 54.
1421 1508 1452 1540 S.
1478 1505 1546 1548 vgl.
1574 1505 1619 1539 ib.

914 1554 1021 1589 21.8:
1062 1553 1309 1589 5:37.1·2.9;
1353 1562 1395 1584 an
1432 1563 1464 1585 u.
1504 1551 1552 1585 St.
1587 1562 1619 1584 u.

912 1598 1096 1631 'ahnlichen
1120 1598 1163 1631 ist
1180 1601 1263 1640 post
1285 1599 1394 1639 (ante)
1409 1597 1557 1631 Adverb.
1576 1617 1622 1622 —-

913 1645 1053 1684 bibere,-
1078 1654 1118 1677 zu
1147 1643 1282 1677 trinken
1311 1644 1441 1686 geben.
1473 1644 1621 1677 Fannius

912 1690 966 1723 bei
994 1689 1159 1723 Charis.l
1195 1701 1225 1732 p.
1259 1691 1319 1723 124
1358 1689 1441 1729 (Kx
1480 1691 1625 1722 iubebat

911 1737 1010 1768 bibet·
1035 1736 1144 1776 dares:
1178 1736 1316 1769 Terent.
1343 1735 1447 1769 Andr.
1476 1738 1506 1777 3,
1529 1738 1560 1777 2,
1582 1738 1619 1770 4:

913 1782 980 1814 Cic.
1008 1781 1111 1815 Tnsc.
1143 1784 1171 1815 1.
1187 1783 1240 1816 26.
1257 1784 1318 1816 65:
1345 1785 1387 1814 ut
1409 1781 1487 1814 Iovi
1504 1783 1624 1814 bibere

911 1830 1157 1868 ministraren
1176 1838 1235 1861 zur
1249 1827 1359 1861 Sache
1375 1827 1443 1870 vgl.
1457 1829 1512 1869 34,
1527 1829 1578 1869 16,
1590 1830 1620 1862 5.

913 1876 1020 1906 -in
1047 1878 1119 1906 tam
1153 1878 1230 1908 etr..
1265 1873 1318 1906 die
1354 1873 1622 1916 Veranlassnng,

914 1920 967 1953 die
994 1920 1028 1953 in
1054 1919 1120 1952 den
1147 1919 1323 1953 Personen
1357 1919 1438 1952 oder
1464 1919 1624 1953 [mstan-

914 1966 979 1999 den
1006 1966 1107 2009 liegt:
1142 1966 1209 2008 bei,
1248 1968 1394 2000 24.S.·2.
1431 1986 1477 1989 ——
1502 1968 1624 2006 moris,

915 2012 999 2045 aller
1024 2012 1138 2045 feinen
1165 2011 1266 2047 Sitte.
1293 2022 1318 2045 S.
1345 2012 1470 2045 Nissen
1501 2014 1574 2045 101.

963 2060 1085 2092 S—lo.
1112 2060 1268 2102 imperat
1291 2059 1495 2100 ——iubeant,
1521 2059 1577 2099 29,
1593 2059 1625 2099 2,

915 2106 946 2138 8.
965 2124 1010 2128 —
1024 2107 1164 2146 ornari,
1178 2104 1251 2137 sich
1266 2104 1478 2147 vollst'andig
1495 2107 1624 2143 riisten,

915 2152 970 2187 44,
988 2152 1016 2191 1,
1031 2152 1061 2185 6.
1088 2170 1133 2174 ——
1158 2151 1312 2186 'leem-r..
1338 2151 1392 2191 26,
1408 2152 1462 2191 51,
1478 2152 1508 2183 4.
1523 2169 1568 2173 —
1582 2150 1624 2182 ab

913 2198 946 2229 Ιι.
970 2207 1021 2239 sp.
1058 2196 1078 2229 I.
1112 2197 1209 2238 dim,
1236 2208 1260 2229 s.
1289 2208 1316 2229 c.
1340 2198 1395 2230 49.
1429 2198 1463 2230 1:
1492 2198 1547 2230 24.
1571 2197 1626 2236 39,

917 2245 953 2277 1:
982 2244 1035 2283 28,
1052 2244 1106 2277 33.
1126 2245 1161 2279 1;
1197 2242 1319 2275 anders‘
1355 2244 1409 2276 24.
1445 2243 1500 2276 22.
1523 2243 1554 2275 6.
1581 2260 1627 2265 -

914 2289 1012 2330 quod
1034 2300 1060 2321 S.
1088 2299 1188 2321 conv.
1224 2288 1326 2321 sollte
1361 2298 1439 2320 man
1474 2298 1536 2320 vor
1567 2298 1628 2319 ne-

914 2336 1086 2377 quiquam
1121 2339 1307 2368 erwarten:
1335 2333 1424 2367 doch
1451 2344 1476 2366 s.
1504 2343 1546 2366 zu
1572 2334 1627 2376 35,

914 2382 970 2421 47,
990 2381 1028 2413 7:
1056 2381 1111 2419 39,
1131 2382 1186 2421 25,
1201 2382 1239 2417 9:
1267 2381 1321 2418 38.
1348 2382 1379 2419 9.
1395 2381 1448 2413 21.
1464 2398 1508 2403 —
1526 2389 1629 2411 num-

914 2436 1011 2457 mum
1043 2443 1090 2455 =
1128 2428 1340 2466 sestertium,
1375 2436 1400 2458 s.
1436 2424 1629 2458 Mommsen

915 2471 951 2504 G.
984 2471 1014 2504 d.
1041 2483 1065 2504 r.
1092 2470 1182 2505 MW.
1211 2473 1294 2509 198;
1321 2470 1466 2504 Hultsch
1493 2470 1629 2505 ΜΘΗ-01.

917 2518 994 2550 221.
1046 2517 1131 2550 Dass
1157 2518 1233 2550 eine
1269 2516 1629 2560 Kriegscontribution

918 2562 1070 2606 gemeint
1096 2564 1164 2605 sei,
1199 2563 1290 2606 zeigt
1317 2562 1376 2596 der
1409 2563 1631 2596 Zusammen-

1177 1301 1384 1329 nummum
1417 1295 1558 1341 quater
1579 1296 1617 1329 et
1642 1297 1678 1329 10
