1779 2893
99 127 128 148 a,
149 119 203 148 ch,
224 120 283 148 ιη,
502 107 630 141 LIBER
653 107 818 142 xxxxn.
867 109 962 142 CAP.
990 111 1044 143 56.
1071 111 1125 142 57.
1487 106 1564 145 153

107 227 302 274 triremes,
324 230 510 279 quattuor
526 224 791 272 Chalcedone,
816 225 978 265 totidem
1001 225 1133 274 Samo,
1155 232 1239 265 tum
1262 225 1439 279 quinque
1455 225 1563 265 Rho-

103 284 190 324 diae
223 283 505 337 quadriremes.
555 283 626 322 has
655 289 827 336 praetor,
861 283 952 336 quia
975 295 1173 336 nusquam
1205 291 1286 324 erat
1308 284 1563 324 maritumum
1584 290 1602 322 7

102 341 275 390 bellum,
306 340 456 381 remisit
486 341 617 381 sociis.
669 348 707 381 et
737 340 782 387 Q.
805 340 975 380 Marcius
1005 340 1231 381 Chalcidem
1261 342 1427 382 navibus
1458 342 1565 382 venit

107 399 235 453 Alope
256 405 382 452 capta,
405 398 554 447 Larisa,
578 411 678 451 quae
701 398 901 439 Cremaste
923 398 1082 444 dicitur,
1108 399 1350 452 obpugnata.

220 457 320 498 Cum
340 456 405 496 hic
426 462 553 496 status
574 457 614 496 in
632 456 795 497 Boeotia
817 462 932 504 esset,
952 455 1135 504 Perseus,
1159 470 1248 496 cum
1273 458 1319 497 ad
1338 458 1563 511 Sycurium,
1584 469 1604 501 8

104 514 206 555 sicut
227 521 318 554 ante
340 514 490 554 dictum
512 521 585 561 est,
608 515 743 554 stativa
766 514 941 562 baberet,
968 514 1168 553 frumento
1192 515 1368 568 undique
1391 517 1494 556 circa
1517 529 1564 556 ex

101 572 208 625 agris
237 578 445 621 convecto,
485 573 531 612 ad
561 573 793 612 vastandum
824 572 1092 612 Pheraeorum
1123 585 1262 624 cyrum
1293 574 1418 621 misit,
1455 581 1564 614 ratus
1583 585 1604 618 9

101 629 149 670 ad
179 629 370 670 iuvandas
399 630 600 670 sociorum
631 631 751 670 urbes
780 630 939 682 longius
961 643 982 669 a
1014 630 1153 669 castris
1182 630 1402 671 abstractos
1423 632 1564 685 depre-

99 687 222 728 hendi
251 687 454 727 Romanos
483 701 614 741 posse.
669 700 770 741 quos
800 701 890 728 cum
921 700 967 727 eo
1000 687 1173 727 tumultu
1206 688 1304 727 nihil
1325 696 1455 729 motos
1478 690 1562 729 ani-
1580 701 1620 733 10

101 745 396 794 madvertisset,
419 746 607 798 praedam
629 746 789 799 quidem
812 752 1090 799 praeterquam
1111 746 1319 785 hominum
1341 770 1396 775 —
1419 760 1563 800 pecora

101 809 234 843 autem
256 816 439 843 maxume
462 804 592 844 omnis
614 804 771 856 generis
792 805 980 844 fuere—
1003 803 1132 843 divisit
1153 804 1199 843 ad
1223 804 1466 857 epulandum
1489 805 1562 844 mi-

99 860 238 901 litibus
265 874 290 895 ÷÷
324 874 348 895 ἥ
364 891 373 901 .

219 919 302 959 Sub
325 919 429 959 idem
451 919 594 959 deinde
616 926 775 973 tempus
798 919 1009 959 consilium
1032 926 1070 959 et
1100 919 1243 959 consul
1265 926 1302 959 et
1323 932 1391 959 rex
1412 920 1562 960 habue-
1583 928 1630 964 57

100 984 210 1026 runt,
234 978 339 1017 unde
361 976 509 1017 bellum
533 977 773 1018 ordirentur.
823 978 943 1029 regiis
966 984 1169 1017 creverant
1200 978 1321 1017 animi
1345 978 1561 1018 vastatione
1584 990 1602 1022 2

102 1046 290 1074 concessa
313 1034 388 1074 sibi
403 1035 451 1075 ab
470 1036 582 1075 hoste
605 1035 770 1076 Pheraei
787 1036 890 1087 agri;
915 1035 1046 1088 itaque
1064 1035 1238 1075 eundum
1257 1036 1348 1075 inde
1366 1036 1413 1076 ad
1436 1043 1563 1076 castra

100 1105 177 1132 nec
198 1092 373 1133 (landum
393 1093 495 1133 ultra
517 1093 691 1146 spatium
713 1093 926 1133 cunctandi
948 1093 1178 1133 censebant.
1223 1101 1261 1133 et
1278 1093 1445 1134 Romani
1469 1107 1562 1134 cen·
1584 1106 1602 1138 3

101 1150 242 1190 sebant
272 1151 568 1191 cunctationem
599 1163 709 1191 suam
740 1151 928 1191 infamem
960 1152 1065 1204 apud
1096 1151 1227 1191 socios
1250 1165 1357 1201 esse,
1379 1164 1562 1192 maxume

100 1207 266 1259 indigne
287 1209 451 1248 ferentis
473 1221 554 1248 non
578 1208 696 1249 latam
718 1209 902 1249 Pheraeis
926 1221 1056 1261 opem.
1110 1209 1442 1258 consultantibus,
1467 1210 1561 1264 quid
1584 1223 1604 1255 4

99 1273 264 1318 agerent
296 1289 351 1295 —-
380 1266 544 1306 aderant
582 1273 715 1307 autem
746 1267 946 1306 Eumenes
979 1273 1017 1306 et
1048 1268 1200 1307 Attalus
1231 1268 1271 1307 in
1303 1268 1474 1308 concilio
1507 1292 1562 1297 ——

100 1323 281 1377 trepidus
312 1324 480 1364 nuntius
510 1324 636 1364 adfert
664 1326 821 1365 hostem
842 1337 987 1377 magno
1019 1325 1177 1376 agmine
1198 1326 1350 1365 adesse.
1394 1326 1562 1366 consilio

100 1380 262 1422 dimisso
284 1381 444 1434 signum
467 1382 666 1436 extemplo
690 1383 819 1431 datur,
840 1383 899 1422 uti
922 1395 1029 1423 arma
1047 1383 1216 1435 capiant.
1253 1383 1412 1423 interim
1434 1384 1563 1437 placet
1583 1401 1604 1433 5

100 1452 148 1479 ex
167 1439 289 1492 regiis
309 1440 467 1480 auxiliis
489 1447 650 1480 centum
672 1441 826 1493 equites
849 1448 886 1480 et
908 1453 1044 1494 parem
1068 1453 1281 1480 numerum
1303 1441 1564 1482 iaculatorum

102 1497 282 1550 peditum
305 1497 423 1538 exire.
474 1497 644 1538 Perseus
665 1498 761 1538 hora
784 1499 905 1538 ferme
929 1499 1003 1537 diei
1029 1505 1186 1551 quarta,
1218 1511 1308 1538 cum
1331 1499 1449 1552 paulo
1472 1500 1563 1554 plus
1584 1519 1604 1550 6

97 1554 209 1595 mille
230 1567 372 1609 passus
393 1555 547 1596 abesset
568 1569 589 1596 a
612 1556 751 1596 castris
772 1555 986 1604 Romanis,
1010 1556 1230 1596 consistere
1252 1557 1364 1609 signa
1386 1559 1563 1611 peditum

99 1612 228 1653 iussit.
269 1626 528 1666 praegressus
544 1613 630 1666 ipse
643 1627 735 1654 cum
758 1614 959 1666 equitibus
981 1627 1026 1654 ac
1048 1614 1122 1653 levi
1144 1621 1364 1665 armatura;
1388 1622 1426 1655 et
1444 1615 1564 1669 Cotys

101 1703 195 1737 iiber.
221 1723 267 1727 ——
283 1702 450 1738 chalced.
466 1723 493 1727 -
509 1703 626 1745 Samo,
649 1703 708 1737 der
718 1704 796 1737 Abi.

99 1749 167 1783 wie
201 1759 230 1783 c.
263 1751 326 1792 55,
360 1752 396 1791 7,
431 1749 636 1784 schwerlich
667 1750 726 1785 ist.
753 1752 795 1783 ab

98 1795 229 1829 wieder
265 1806 307 1829 zu
345 1795 492 1830 denken.
540 1816 583 1820 -
621 1797 799 1839 quadi-ir„

98 1841 174 1875 Pol.
198 1841 222 1874 l.
245 1841 268 1875 l.
294 1838 460 1887 τριήρεις,
486 1842 576 1876 doch
601 1853 706 1876 verm.
722 1843 799 1877 Nis-

99 1898 160 1922 sen
185 1886 378 1934 τετρήρεις.
403 1891 593 1932 —1·emis.‚
621 1899 656 1922 er
680 1889 798 1923 erliess

97 1933 202 1968 ihnen
227 1934 293 1968 den
325 1934 489 1969 weiteren
515 1935 652 1977 Dienst‚
688 1948 715 1970 c.
743 1937 799 1977 53,

98 1983 138 2019 4;
163 1979 256 2014 Pol.:
282 1976 440 2014 ἀπέλυσε
462 1981 524 2024 τῆς
548 1985 684 2027 χρείαςς
720 1983 790 2015 An-

35 2026 39 2028 ’
98 2026 193 2060 dere:
231 2037 266 2060 er
298 2026 453 2061 sebickte
490 2028 539 2062 sie
577 2028 716 2062 zurt'ick.
747 2048 792 2053 —

98 2072 226 2116 Mat-a,
251 2083 280 2107 c.
307 2075 362 2115 47,
388 2075 421 2108 9.
447 2093 491 2098 —
526 2074 640 2118 Alope
665 2084 707 2107 an
733 2074 793 2108 der

97 2117 205 2152 Kfiste
230 2129 297 2152 von
311 2118 436 2154 Locris.
462 2139 506 2144 —
532 2119 664 2162 La1·iS.,
687 2131 713 2154 c.
737 2123 793 2161 42,

103 2166 138 2204 1;
173 2163 228 2198 die
252 2164 352 2199 Stadt
384 2165 440 2209 lag
472 2165 566 2200 nicht
599 2166 681 2200 weit
712 2177 792 2200 vom

99 2210 225 2244 Meere.
699 2249 703 2251 Α

144 2256 210 2302 56,
235 2255 369 2302 8-62,
395 2259 427 2291 2.
476 2258 591 2292 Erstes
617 2258 792 2302 Reitet'ge-

97 2302 191 2337 recht
213 2303 247 2336 in
273 2302 492 2343 Thessalien;
518 2304 607 2348 App.
628 2304 713 2339 Mac.
734 2306 789 2344 12;

98 2348 190 2383 Plut.
214 2349 312 2383 Aem.
337 2352 376 2389 9;
403 2350 521 2384 lustin.
549 2353 604 2392 33,
636 2354 663 2385 1.

146 2396 271 2430 8-10.
297 2396 423 2439 undiq.
450 2408 479 2430 c.
507 2408 551 2429 ex
570 2408 640 2440 agn,
667 2399 791 2439 2S,15,

103 2443 155 2476 13.
179 2461 226 2466 —
256 2441 305 2474 ad
334 2445 587 2484 vasa—misena
623 2454 648 2476 s.
683 2446 708 2483 1,
734 2446 791 2485 31,

99 2488 139 2524 2ς
175 2486 264 2521 doch
296 2487 342 2522 ist
372 2489 434 2522 rnit
463 2500 593 2532 agrum
621 2489 711 2523 viell.
740 2489 795 2523 die

98 2532 341 2578 Bezeichnung
349 2533 408 2568 der
418 2535 674 2579 abgesendeten
685 2535 795 2579 Trup-

99 2589 165 2623 pen
191 2579 414 2623 ausgefatlen.
440 2601 485 2606 —
510 2582 715 2623 ΡΙιω-αεοι·.,
738 2584 793 2620 32,

104 2627 155 2668 13,
168 2627 202 2661 9.
233 2645 272 2650 —-
285 2626 441 2670 quidem,
458 2627 558 2662 Gron.
575 2639 680 2662 verm.
697 2629 794 2671 quod

869 1709 967 1746 εῖναι,-
993 1704 1082 1738 doch
1108 1705 1153 1738 ist
1173 1715 1208 1739 es
1230 1705 1564 1749 wahrscheinlicher,

869 1750 948 1784 dass
963 1750 1022 1784 der
1036 1751 1177 1794 quidem
1197 1752 1470 1796 entsprechende
1484 1753 1564 1787 Satz

870 1797 957 1830 nach
984 1798 1168 1839 militibus,
1194 1808 1219 1831 s.
1247 1809 1273 1831 c.
1302 1800 1356 1841 66,
1376 1801 1410 1837 1;
1438 1801 1564 1841 36,19,

873 1846 912 1878 10
954 1843 1053 1879 (nach
1089 1843 1230 1888 Madvig
1273 1855 1334 1878 vor
1374 1846 1564 1888 praedam·

870 1889 1000 1924 fehle.
1034 1910 1078 1914 —
1104 1895 1284 1933 praelerq.
1313 1892 1358 1933 11,,
1384 1903 1412 1925 c.
1441 1895 1497 1932 54,
1524 1894 1563 1931 6;

870 1936 958 1970 nach
984 1938 1067 1970 stim.
1096 1936 1294 1978 Verfahren,
1320 1940 1375 1978 41,
1406 1940 1457 1980 11,
1485 1940 1516 1972 8.

910 1982 970 2018 57.
1000 1985 1096 2016 1-5.
1125 1983 1297 2016 οι·(1ίι·θηί,
1334 1988 1376 2017 st.
1402 1984 1462 2018 des
1489 1984 1562 2018 hdS.

864 2029 1134 2062 dirimerentur.
1171 2048 1214 2053 —
1244 2030 1352 2063 (land.
1382 2041 1414 2062 u.
1439 2041 1503 2074 sp„
1531 2041 1562 2064 n.

865 2075 1044 2116 hostibus,
1079 2077 1111 2116 2,
1138 2078 1193 2116 50,
1224 2077 1275 2115 10,
1308 2076 1378 2119 vgl.
1406 2078 1440 2116 S,
1472 2079 1504 2117 2,
1530 2079 1563 2111 9.

863 2121 912 2154 1111
941 2121 1034 2164 Folg.
1060 2121 1105 2154 ist
1130 2121 1222 2154 viell.
1251 2121 1311 2155 das
1337 2122 1460 2156 zweite
1483 2134 1562 2156 cen-

864 2169 990 2199 sebant
998 2167 1238 2201 verschrieben
1248 2169 1462 2207 (sentiebant
1476 2169 1562 2203 nach

864 2212 1032 2256 Madvig).
1057 2233 1102 2237 —
1128 2224 1231 2246 arma
1246 2225 1288 2251 c.,
1318 2224 1350 2247 n.
1372 2225 1502 2248 omnes.
1520 2235 1560 2239 -—-

863 2259 1009 2292 iaculal.
1033 2259 1126 2302 ped„
1153 2260 1218 2293 wie
1245 2262 1298 2301 23,
1325 2262 1435 2301 26,11
1466 2264 1563 2294 iucu-

863 2306 959 2338 lalot·
985 2304 1135 2338 Maurus
1166 2317 1207 2339 zu
1243 2306 1409 2348 nebmen,
1434 2307 1505 2351 vgl.
1532 2320 1562 2341 c.

862 2353 916 2391 52,
934 2353 972 2395 53
988 2353 1043 2391 -10,
1059 2353 1114 2394 30,
1130 2355 1168 2386 4;
1195 2354 1374 2385 sociorum
1390 2356 1561 2396 equitum,

862 2408 903 2431 zu
930 2400 962 2438 5,
997 2399 1050 2438 32,
1083 2400 1121 2436 §3
1154 2398 1311 2442 dagegen
1343 2400 1398 2440 21,
1433 2401 1488 2440 52,
1522 2401 1560 2434 9:

862 2444 1026 2488 peditum
1053 2444 1323 2477 iaculatoribus.

914 2492 1013 2524 6—9.
1039 2501 1242 2533 praegress.
1270 2490 1359 2524 kann
1388 2490 1481 2524 nicht
1501 2492 1560 2524 At-

866 2536 973 2569 tribut
998 2546 1039 2568 zu
1067 2537 1219 2569 Perseus
1244 2537 1329 2580 sein,
1354 2536 1396 2570 da
1417 2547 1452 2571 er
1466 2538 1560 2571 nicht

865 2582 973 2616 sehon
1004 2582 1212 2625 vorgeriickt
1254 2583 1319 2616 den
1356 2583 1473 2617 Befehl
1510 2595 1560 2618 er-

866 2628 1139 2670 theilte(iussz'li,
1166 2629 1312 2663 sondern
1327 2628 1497 2674 Pr‘adicat‚
1524 2641 1560 2664 es
