1779 2893
0 0 45 209 l
112 145 138 166 a.
159 138 211 166 Ch.
234 138 291 165 179.

0 225 13 247 s:

0 248 8 265 h

0 274 4 283 ι

0 286 4 311 Ι

0 326 10 389 t

0 391 10 411 ζ,

0 416 5 427 b

10 2825 26 2893 53*
10 2805 12 2810 '

520 127 647 161 LIBER
670 127 805 161 XXXX.
855 123 949 161 CA'P.
975 131 1028 162 55.
1055 130 1109 163 56.

1471 123 1550 163 213

111 244 405 293 inconstanter,
426 250 471 284 ut
493 257 610 296 parvo
633 251 739 284 metu
762 244 917 284 admoto
935 248 1113 296 paratum
1131 242 1302 282 indicem
1327 255 1413 282 esse
1435 243 1554 295 adpa-

111 310 216 343 reret
221 333 229 341 .

291 307 547 354 conspectum
585 302 746 342 tortoris
781 302 1067 353 verberumque
1113 313 1192 339 non
1226 300 1414 341 sustinuit
1449 300 1555 340 ordi-

112 372 284 412 nemque
307 372 461 399 omnem
498 360 687 399 facinoris
712 359 930 412 legatorum
958 358 1246 409 ministeriique
1274 359 1333 398 sui
1360 358 1553 410 exposuit.

112 417 308 470 extemplo
318 417 441 465 missi,
460 417 688 469 quilegatos
699 417 1096 469 comprehenderent.
1114 414 1346 462 Philoclem,
1361 417 1427 468 qui
1441 429 1556 468 prae-
1575 422 1595 455 6

112 487 206 516 sens
228 481 322 523 erat,
355 474 659 527 obpresserunt3
684 476 841 527 Apelles
873 476 1017 515 missus
1047 474 1093 514 ad
1125 472 1333 514 Chaeream
1357 474 1555 525 quendam

111 533 591 585 persequendumindicio
608 533 925 585 Xychiauditoin
938 532 1085 572 Italiam
1110 531 1274 572 traiecit.
1318 532 1364 571 de
1382 530 1556 571 Philocle
1577 539 1594 571 7

113 589 212 630 nihil
229 590 324 630 certi
342 590 540 642 vulgatum
559 595 636 639 est3
660 591 722 630 alii
747 590 874 643 primo
891 589 1090 630 audaciter
1107 596 1329 641 negantem,
1346 594 1555 641 postquam

112 647 152 687 in
176 653 434 700 conspectum
451 648 643 688 adductus
660 649 706 688 sit
726 648 897 700 Xychus,
921 661 999 687 non
1020 647 1119 687 ultra
1140 647 1366 694 tetendisse,
1390 646 1452 686 alii
1474 654 1556 686 tor-

112 711 244 745 menta
267 706 382 746 etiam
404 705 637 745 infitiantem
660 719 894 758 perpessum
918 706 1135 745 adfirmant.
1178 704 1362 756 Philippo
1385 704 1558 743 redinte-
1579 713 1598 745 8

115 770 251 815 gratus
263 764 463 803 estluctus
479 764 793 816 geminatusque,
813 763 1126 803 etinfelicitatem
1139 775 1249 802 suam
1267 763 1306 801 in
1324 761 1459 801 liberis
1471 774 1559 814 gra·

114 820 276 869 viorem,
299 821 404 872 quod
426 821 524 861 alter
545 830 764 873 superesset,
792 835 903 874 qnam
921 822 1019 874 quod
1039 820 1135 860 alter
1156 821 1335 872 perisset,
1359 819 1557 859 censebat.

229 878 396 918 Perseus
419 879 563 919 certior
584 880 709 918 factus
732 880 860 918 onmia
885 880 1034 918 detecta
1053 891 1151 926 esse,
1174 877 1376 929 potentior
1398 877 1556 929 quidem
1571 882 1620 918 56

113 941 209 986 erat,
227 948 343 988 quam
362 942 405 976 ut
423 937 552 988 fugam
572 937 831 977 necessariam
850 937 1032 984 duceret;
1050 942 1216 982 tantum,
1235 941 1276 974 ut
1293 935 1432 987 procul
1449 935 1560 975 abes·
1582 945 1600 976 2

113 999 185 1041 set,
209 994 383 1043 curabat,
406 994 563 1033 interim
580 994 696 1034 velut
703 994 749 1034 al)
767 995 952 1033 incendio
970 993 1197 1045 flagrantis
1189 1006 1280 1046 irae,
1301 993 1391 1032 (111111
1410 992 1560 1045 Philip-

112 1063 188 1103 pus
209 1051 365 1100 viveret,
389 1064 430 1091 se
452 1052 701 1091 defensurus.
746 1065 776 1091 rs
806 1064 875 1103 spe
907 1051 1088 1103 potiundi
1120 1051 1165 1090 ad
1188 1026 1355 1102 poenam
1381 1051 1562 1102 corporis

114 1108 199 1148 eius
216 1110 368 1158 amissa,
388 1109 492 1160 quod
515 1109 712 1161 reliquum
732 1116 825 1156 erat,
844 1109 881 1148 id
900 1109 1071 1157 studere,
1091 1121 1140 1147 ne
1159 1121 1280 1160 super
1298 1108 1560 1159 inpunitatem

115 1166 229 1205 etiam
241 1167 416 1218 praemio
429 1167 634 1206 scelerissi
638 1179 708 1205 uel
712 1172 811 1205 etur
855 1166 1232 1218 Antigonumigitur
1251 1165 1430 1217 adpellat‚
1445 1166 1507 1205 cui
1527 1172 1562 1204 et
1584 1175 1602 1207 3

111 1224 238 1276 palam
270 1224 359 1264 facti
387 1224 629 1275 parricidii„
610 1224 730 1263 aratia
756 1198 972 1263 obnoxiusU
978 1229 1072 1271 erat,
1098 1236 1228 1275 neque
1244 1224 1473 1275 pudendum
1497 1229 1564 1263 aut

111 1281 394 1333 paenitendum
426 1294 516 1321 eum
550 1294 684 1332 regem
715 1281 995 1321 Macedonibus
1026 1287 1191 1333 pioptei
1211 1288 1410 1320 lecentem
1433 1281 1563 1359 patrui

112 1338 302 1390 Antigoni
324 1339 486 1390 gloriam
509 1339 594 1379 fore
617 1339 814 1379 censebat.

858 1327 1074 1391 „quando
1066 1353 1105 1379 in
1125 1351 1207 1378 eam
1226 1339 1424 1378 fortunam
1447 1339 1562 1378 1-11111ί
1585 1349 1605 1381 4

112 1395 256 1448 inquit,
274 1428 290 1446 „
304 1396 516 1448 Antigone,
533 1403 577 1437 ut
593 1397 738 1436 orbitas
758 1384 1002 1449 1111111,(11111111
1022 1397 1085 1436 alii
1104 1397 1349 1436 detestantur
1367 1403 1563 1448 parentes,

117 1474 344 1509 schrankend.
362 1495 408 1499 ——
420 1487 548 1518 parvo,
574 1476 637 1509 wir
662 1476 803 1509 wiirden

117 1521 193 1554 eine
220 1521 428 1554 adverbielle
445 1521 684 1565 Bestimmung
711 1522 804 1555 wah-

114 1567 181 1600 len.
200 1586 243 1590 —
267 1568 372 1609 adm.,
398 1570 452 1609 27,
467 1570 521 1609 43,
538 1572 575 1601 2:
603 1572 715 1600 metus
734 1572 806 1601 tor-

114 1616 316 1646 mentorum
353 1614 527 1646 admotas.
566 1636 579 1637 ἡ
621 1618 804 1657 paratum,

116 1659 202 1692 dazu
222 1670 301 1692 eum
318 1670 358 1693 zu
378 1659 511 1693 denken
537 1660 579 1693 ist
599 1660 690 1693 riell.
711 1661 804 1693 nicht

116 1705 351 1748 nothwendig.
370 1725 415 1729 —
433 1707 562 1748 ordin„
582 1717 608 1739 c.
625 1708 678 1749 57,
694 1708 712 1741 3
727 1721 733 1744 ;
750 1708 804 1744 22.

117 1752 172 1793 22,
191 1752 240 1784 18.

163 1798 262 1831 6-8,
307 1797 518 1839 Chaeream,
561 1802 655 1830 sonst
699 1798 805 1831 unbe-

117 1842 234 1876 kannt.
261 1862 306 1867 —-
330 1843 459 1885 india,
494 1854 519 1877 s.
537 1845 590 1885 33,
611 1845 664 1877 28.
686 1846 732 1877 ll.
760 1864 804 1867 —

117 1889 324 1932 audaciter,
357 1891 411 1931 22,
437 1891 490 1931 25,
518 1891 566 1923 10.
592 1909 637 1914 —
671 1900 806 1933 negan-

118 1938 205 1977 tem,
236 1945 338 1968 wenn
365 1945 401 1968 es
426 1935 550 1978 richtig
574 1936 617 1968 ist
646 1936 713 1977 (die
739 1936 802 1969 ΜΖ.

115 1981 155 2015 Α.
182 1981 241 2014 hat
266 1983 433 2024 negant),
467 1992 561 2014 muss
588 1982 654 2014 wie
681 1983 806 2023 2243,

118 2029 156 2060 3:
171 2027 384 2070 inplicantes
398 2029 578 2070 responsis
592 2028 804 2069 docuerant,-

119 2075 149 2114 1,
164 2074 296 2115 28,10‚
322 2072 450 2106 erklart
475 2073 632 2115 werden,
659 2085 805 2116 negasse

118 2118 207 2152 ohne
243 2128 321 2150 eum
354 2118 471 2152 wiirde
500 2118 627 2160 jedoch
653 2120 806 2163 weniger

118 2163 268 2207 passend
286 2164 369 2197 sein.
388 2184 433 2189 —
461 2165 599 2207 teteud„
626 2167 680 2207 23,
699 2168 749 2200 14.
766 2167 803 2203 8;

119 2211 221 2252 8,15,
243 2211 262 2244 9
285 2221 316 2243 u.
336 2220 365 2243 a.
390 2230 436 2234 —
461 2210 563 2251 alter,
589 2210 735 2244 darnach
761 2211 803 2244 ist

119 2255 408 2289 wahrscheinlich
445 2256 499 2289 ein
537 2255 700 2290 Gedanke
739 2257 805 2290 wie

119 2301 178 2335 der
210 2312 279 2335 von
304 2301 444 2345 Madvig
477 2306 694 2345 zugesetzte,
732 2302 804 2335 od.:

119 2347 212 2380 alter
224 2357 297 2380 non
305 2350 459 2391 perisset
475 2358 582 2390 qaam
601 2349 697 2391 quod
715 2348 806 2381 alter

116 2404 194 2437 per.
220 2393 444 2437 ausgefallen,
471 2404 498 2427 c.
520 2396 573 2435 56,
589 2397 619 2428 4.

164 2438 227 2474 56.
258 2441 352 2474 1-3.
380 2444 530 2482 tantum,
556 2441 649 2474 nicht
676 2444 804 2476 tamen,

119 2495 222 2518 wenn
247 2485 342 2518 nicht
366 2496 404 2519 so
430 2497 472 2519 zu
497 2486 594 2520 lesen
622 2487 685 2528 ist,
713 2487 803 2520 steht

120 2530 212 2564 viell.
240 2531 383 2573 quidem
417 2535 608 2575 entgegen,
642 2533 721 2566 weil
747 2533 805 2565 be-

121 2576 277 2610 zeichnet
295 2577 433 2611 werden
460 2577 536 2620 soll,
563 2578 641 2611 dass
658 2577 804 2611 Perseus

121 2633 184 2656 nur
201 2622 316 2665 wenig
333 2623 473 2666 glaubte
492 2625 576 2657 thun
589 2635 631 2658 zu
649 2627 803 2658 mussen:

875 1476 1033 1514 obgleich
1061 1486 1095 1508 ei
1121 1475 1309 1518 iiia(htiger
1335 1485 1406 1507 11111
1430 1495 1498 1508 —.
1526 1485 1563 1508 5ο

875 1522 994 1554 1101110
1029 1532 1064 1555 er
1099 1521 1186 1554 doeh
1221 1521 1296 1554 dem
1323 1521 1436 1564 Konig
1470 1521 1564 1554 nicht

876 1571 1180 1611 entgegentieten.
1217 1567 1361 1600 sondern
1390 1578 1451 1600 11111
1477 1578 1562 1601 11511.

875 1594 1117 1655 —⁰''172t07›1·nz,
1157 1595 1394 1646 eiustweilen.
1436 1613 1469 1646 in
1506 1613 1566 1647 der

877 1660 1137 1695 Zwischenzeit.
1165 1659 1251 1692 wird
1270 1659 1374 1692 durch
1401 1659 1485 1691 (lam
1502 1661 1564 1692 Plz.

876 1709 943 1738 viv.
978 1706 1213 1748 nachtr‘a'glieli
1254 1705 1398 1738 erkl'art:
1436 1705 1489 1738 bis
1523 1716 1564 1738 zu

874 1752 949 1785 dem
979 1752 1070 1787 (bald
1106 1763 1146 1785 zu
1182 1751 1431 1785 eruartendenl
1470 1751 1564 1785 Tode

875 1798 934 1831 des
961 1797 1045 1831 Phil.
1081 1798 1153 1830 will
1189 1808 1224 1830 er
1258 1798 1329 1830 sich
1365 1808 1422 1833 50,
1459 1797 1564 1830 durch

876 1844 969 1878 seine
987 1844 1211 1887 Entfernung.
1231 1844 1296 1877 wie
1316 1844 1408 1876 einer
1422 1844 1566 1877 Feuers-

876 1891 1015 1924 brunst.
1055 1890 1184 1923 seinem
1223 1890 1331 1923 Zorne
1370 1890 1564 1931 entziehen,

877 1936 949 1969 sich
975 1947 1037 1969 vor
1063 1936 1260 1969 demselben
1287 1936 1453 1970 sichern..
1470 1936 1563 1969 nieht

877 1982 949 2015 sich
987 1983 1056 2015 ihm
1096 1981 1404 2025 entgegenstellen.
1440 2001 1485 2005 —
1519 1982 1567 2014 acl

873 2039 988 2071 poen„
1006 2030 1130 2070 21.10,
1152 2030 1206 2061 12:
1234 2028 1281 2060 ad
1303 2028 1509 2071 piaculum..
1533 2030 1564 2068 9,

876 2076 998 2116 40,17.
1026 2094 1069 2098 -—-
1097 2085 1235 2117 corpor.
1262 2076 1367 2116 eius„
1404 2084 1430 2107 e.
1455 2076 1509 2108 54.
1525 2076 1567 2113 6;

877 2123 1058 2163 eor-poris,
1103 2121 1214 2153 seiner
1260 2119 1398 2153 Person.
1439 2140 1484 2143 —
1522 2119 1560 2152 id

875 2167 978 2208 stud„
994 2167 1061 2209 vgl.
1079 2169 1132 2202 22.
1148 2168 1201 2207 58,
1217 2169 1247 2199 3.
1274 2165 1311 2199 Κ.
1331 2168 1460 2199 155.-
1478 2169 1561 2197 et—

876 2223 1001 2254 neque,
1029 2215 1059 2246 6.
1075 2215 1128 2248 22.
1145 2215 1181 2250 3;
1198 2214 1252 2245 22.
1267 2213 1298 2246 8.
1315 2215 1346 2246 5.
1373 2211 1414 2244 da
1435 2211 1564 2253 jedoch

877 2258 910 2290 in
948 2257 1006 2290 der
1047 2257 1110 2291 ΜΖ.
1152 2259 1190 2290 Α.
1231 2261 1264 2290 et
1298 2277 1342 2281 ——
1387 2261 1420 2289 et
1452 2268 1566 2299 neque

877 2303 987 2345 steht,
1024 2314 1061 2337 so
1087 2304 1130 2337 ist
1157 2303 1248 2337 viell.
1277 2307 1309 2335 el
1338 2314 1564 2345 nequaquam

877 2359 918 2381 zu
957 2349 1061 2382 lesen.
1087 2369 1132 2373 —
1157 2360 1269 2392 neque
1293 2368 1337 2372 —
1371 2359 1449 2381 eum
1484 2349 1565 2392 geht

876 2404 998 2437 wegen
1032 2395 1092 2428 des
1127 2405 1238 2428 neuen
1264 2394 1460 2428 Priidicates
1493 2405 1562 2428 von

876 2440 934 2473 der
975 2441 1202 2484 begonnenen
1238 2440 1562 2475 Relativconstruct.

877 2488 936 2518 οιιί
949 2490 982 2518 et
994 2487 1047 2521 ab.
1067 2498 1091 2519 s.
1108 2488 1162 2521 23.
1179 2488 1357 2527 36,10;4‚
1378 2489 1428 2529 15,
1445 2489 1475 2528 3,
1493 2487 1562 2530 vgl.

876 2534 929 2570 31,
945 2535 998 2567 45.
1022 2534 1130 2566 13.ῌ
1151 2532 1307 2575 pudend.
1332 2535 1397 2565 aut
1418 2535 1564 2576 paena„

876 2589 899 2611 s.
930 2580 1078 2619 1.35,5;
1103 2580 1156 2619 25,
1178 2580 1275 2619 6,10.
1313 2598 1357 2602 -
1386 2579 1502 2621 glor„
1538 2590 1565 2613 c.
