1747 2844
197 85 250 126 92
614 87 739 121 LIBER
763 86 923 120 xxxxii.
971 87 1063 120 CAP.
1090 89 1143 122 20.
1170 89 1223 121 21.

199 214 235 250 et
258 206 297 244 in
321 204 531 256 Campania
553 204 598 243 ad
621 204 816 243 Minervae
838 203 1159 256 promunturium
1190 203 1493 252 renuntiarunt3
1526 203 1640 243 ludos
1690 214 1710 226 ⁷*
1731 207 1734 212 '

198 275 269 315 per
291 262 426 301 decem
447 262 529 300 dies
551 260 631 299 Iovi
654 261 802 313 optimo
825 260 994 299 maximo
1016 260 1143 312 primo
1166 273 1324 313 quoque
1346 260 1408 300 die
1425 260 1638 300 faciendos.

158 327 176 358 -l
199 332 242 359 ea
272 319 402 358 Osslnla
435 330 524 358 cunl
554 331 647 357 Cllra
681 318 792 357 facta.

854 317 1082 370 haruspices
1112 318 1153 357 in
1182 318 1334 357 bonum
1363 329 1570 357 versurum
1601 317 1641 357 id
1703 316 1707 330 ’·

198 377 436 429 prodigium,
460 375 802 428 prolationemque
824 375 962 414 finium
980 380 1019 413 et
1040 375 1242 414 interitum
1266 374 1526 427 perduellium
1548 387 1640 427 por-

198 434 303 473 tendi
327 434 641 486 responderunt,
675 433 779 485 quod
811 445 856 471 ex
886 431 1066 471 hostibus
1088 432 1210 484 spolia
1237 433 1404 472 fuissent
1435 444 1478 471 ea
1499 439 1640 481 rostra,

157 498 175 528 5
199 504 296 543 quae
321 498 530 542 tempestas
552 490 761 529 diiecisset.
803 495 1069 536 accesserunt,
1093 501 1192 541 quae
1213 489 1459 529 cumularent
1481 489 1641 541 religio-

202 562 269 588 nes
291 548 444 587 animis.

495 547 700 587 Saturniae
733 547 958 586 nuntiatum
989 552 1070 585 erat
1093 547 1285 598 sanguine
1316 560 1385 599 per
1406 547 1579 586 triduum
1601 546 1642 585 in

199 606 344 658 oppido
367 605 539 657 pluvisse
553 636 561 652 ,
586 604 751 644 Calatiae
773 604 929 643 asinum
952 603 1143 655 tripedem
1167 611 1300 644 natum
1318 611 1356 644 et
1375 611 1531 644 taurum
1550 615 1641 643 cum

155 669 175 701 6
198 664 374 715 quinque
398 662 521 701 vaccis
545 675 623 700 uno
646 663 725 701 ictu
749 661 926 700 fulminis
948 661 1209 709 exanimatos,
1240 661 1394 701 Auximi
1429 667 1530 701 terra
1553 661 1642 713 plu-

197 721 307 760 visse.

364 721 505 758 horum
538 732 696 771 quoque
730 718 1002 770 prodigiorum
1031 730 1145 757 causa
1176 731 1237 758 res
1268 719 1420 758 divinae
1450 718 1572 758 factae
1605 724 1643 757 et

198 777 434 830 supplicatio
460 789 581 815 unum
604 777 704 815 diem
729 776 928 827 feriaeque
950 775 1116 814 habitae.

314 834 505 873 Consules
536 834 581 872 ad
615 834 651 872 id
682 841 838 885 tempus
869 833 907 871 111
941 832 1181 884 provinciam
1213 844 1294 871 non
1325 832 1519 880 exierant,
1553 832 1643 884 quia

200 905 340 944 neque,
365 892 419 930 uti
442 892 488 930 de
506 891 555 929 M.
568 891 722 943 Popilio
746 891 952 934 referrent,
974 890 1125 928 senatui
1149 889 1470 941 obsequebantur
1486 896 1523 928 et
1545 888 1643 928 nihil

156 955 175 987 2
197 949 298 988 aliud
321 950 533 988 decernere
557 949 665 999 [111115
687 954 878 986 statutum
901 946 1079 999 patribus
1100 954 1193 986 erat.
1230 953 1342 985 aucta
1364 946 1479 985 etiam
1500 946 1643 986 invidia

200 1014 254 1046 est
288 1006 415 1058 Popili
447 1006 588 1044 litteris
619 1006 722 1052 eius,
760 1004 902 1056 quibus
933 1004 1073 1043 iterum
1106 1016 1195 1043 cum
1229 1003 1399 1042 Statellis
1430 1003 1643 1054 Liguribus

200 1076 383 1116 procons.

441 1075 636 1115 pugnasse
675 1076 715 1101 se
751 1062 909 1114 scripsit
943 1074 987 1100 ae
1020 1074 1086 1100 sex
1126 1061 1231 1100 milia
1264 1073 1401 1100 eorum
1432 1060 1642 1108 occidisse;

199 1128 364 1173 propter
393 1121 506 1159 citius
536 1120 717 1159 iniuriam
749 1118 835 1157 belli
869 1118 989 1157 ceteri
1021 1131 1179 1170 quoque
1210 1117 1400 1168 Ligurum
1431 1117 1567 1170 populi
1596 1117 1643 1157 ad

159 1184 177 1215 3
198 1191 302 1218 arma
335 1178 477 1217 ierunt.

529 1184 609 1215 tum
641 1190 731 1215 vero
764 1189 843 1214 non
867 1175 1007 1214 absens
1038 1176 1154 1214 modo
1176 1175 1374 1227 Popilius,
1406 1175 1472 1226 qui
1504 1175 1645 1214 deditis

200 1242 334 1275 contra
359 1236 418 1273 ius
441 1248 483 1273 ac
507 1235 563 1273 fas
586 1234 730 1273 belluni
754 1233 949 1272 intulisset
970 1241 1001 1272 ec
1032 1239 1192 1285 pacatos
1213 1233 1258 1272 ad
1289 1231 1560 1271 rebellandum
1582 1232 1644 1271 in-

201 1293 368 1340 citasset,
392 1292 458 1331 sed
481 1291 676 1337 consules,
700 1291 803 1343 quod
828 1303 908 1329 non
932 1290 1082 1329 exirent
1098 1290 1139 1329 in
1162 1289 1417 1342 provinciam,
1440 1289 1480 1328 in
1505 1294 1644 1329 senatu

158 1357 177 1388 4
199 1350 397 1402 increpiti.
440 1350 514 1387 hoc
537 1360 736 1388 consensu
758 1354 915 1400 patrum
937 1347 1091 1386 accensi
1113 1347 1164 1386 Μ.
1186 1347 1358 1386 Marcius
1379 1346 1517 1386 Sermo
1540 1353 1575 1386 et
1598 1346 1643 1392 Q.

200 1439 268 1482 vgl.
294 1442 347 1480 40,
376 1441 430 1481 37,
457 1440 488 1471 3.
516 1457 554 1461 —
583 1438 730 1470 adjlin.
756 1448 885 1480 prom„

200 1496 225 1518 s.
262 1489 317 1526 40,
359 1486 409 1523 13,
443 1486 476 1521 §;
513 1484 670 1527 religiose
704 1482 884 1516 Feierlich-

200 1530 312 1564 keiten
328 1529 524 1563 ausserhalh
539 1529 624 1562 Rom
642 1528 777 1561 werden
799 1528 884 1561 auch

200 1581 295 1610 sonst
319 1575 544 1619 angeordnet‚
567 1586 594 1616 s,
620 1577 674 1611 21,
692 1576 746 1616 62,
773 1576 810 1612 S;
832 1576 885 1615 22,

245 1670 344 1702 4-6.
383 1670 420 1698 in
447 1668 537 1707 bon„
571 1666 642 1698 sich
673 1676 749 1698 zum
775 1665 884 1698 Guten

200 1713 354 1746 wenden.
381 1731 425 1736 ——
451 1713 593 1754 prolut„
631 1722 659 1744 c.
688 1714 741 1752 30,
768 1713 805 1749 9;
834 1714 887 1754 31,

200 1761 232 1799 5,
267 1762 298 1792 7.
324 1778 367 1782 —
394 1758 588 1799 pet'duell„

200 1807 255 1846 25,
285 1806 336 1845 12,
366 1806 424 1841 1o;
453 1806 506 1844 29,
534 1805 588 1844 27,
616 1806 647 1840 3,
675 1802 887 1845 vgl.40,52,

201 1853 236 1884 5:
254 1850 420 1882 duellum.
431 1870 453 1872 -ν
465 1849 634 1891 portendi
646 1852 723 1890 etc„
739 1848 792 1880 die
802 1848 887 1881 Deu-

199 1902 283 1939 tung
309 1895 367 1928 der
393 1895 499 1928 Blitze
527 1906 556 1927 u.
587 1894 645 1926 der
668 1893 887 1936 Eingeweide

198 1941 257 1974 der
271 1940 482 1984 Opserthiere
509 1940 649 1984 geborte
675 1950 715 1972 zu
730 1940 788 1972 der
806 1939 888 1971 Auf-

199 1987 285 2031 gabe
310 1987 368 2020 der
394 1987 606 2029 haruspices,
638 1996 664 2018 s.
703 1995 730 2018 c.
758 1988 811 2023 30
845 1988 884 2023 9;

199 2022 254 2071 31
289 2037 320 2075 5,
353 2035 392 2066 ἵ.
429 2031 589 2065 wahrend
628 2031 681 2064 die
718 2031 887 2074 sibyllini-

198 2080 301 2113 schen
337 2078 467 2112 Biiclier
504 2078 557 2111 die
592 2076 887 2120 Siihnungsmittel

199 2125 364 2168 angaben,
391 2135 418 2157 s.
444 2136 472 2157 c.
499 2125 529 2166 2,
557 2126 593 2161 3;
625 2125 678 2163 38,
704 2125 759 2163 45,
787 2125 816 2156 3
843 2142 887 2146 ψ

199 2182 243 2203 ex
243 2151 364 2210 elios-t„
387 2170 572 2203 attributiv.
600 2187 645 2192 —-
671 2168 799 2200 οιιηιηΙ.
821 2169 885 2200 rel.

198 2228 276 2257 an.,
320 2220 361 2249 st.
400 2215 458 2249 des
497 2214 755 2258 gewohnlichen
796 2225 885 2247 cum.

197 2263 434 2304 religionibus
460 2263 608 2303 animos,
646 2260 689 2293 ist
715 2260 799 2292 nach
828 2259 887 2292 der

198 2308 362 2350 Analogie
377 2317 443 2340 von
456 2307 601 2346 donare,
624 2307 803 2348 impertiri
811 2316 843 2339 u.
857 2308 888 2338 a.

200 2353 400 2390 construirt;
427 2353 485 2386 der
498 2352 595 2385 Dativ
622 2351 820 2384 bezeichnet
834 2350 887 2383 die

202 2399 456 2441 Betheiligung:
483 2399 535 2431 fiir
559 2398 612 2430 die
627 2397 810 2431 Gemfither
836 2406 887 2429 re—

200 2444 320 2487 ligiose
358 2444 581 2487 Besorgnisse
625 2442 804 2476 anhaufen.
842 2462 887 2466 —

202 2490 394 2522 Saturniae
419 2490 464 2522 ist
489 2490 582 2523 nicht
607 2490 667 2521 mit
680 2491 886 2520 nuntiatum

203 2539 263 2575 est,
290 2546 320 2567 n.
338 2535 485 2567 Romam
500 2535 552 2568 od.
567 2536 719 2575 senatui,
744 2544 784 2566 zu
811 2544 886 2567 ver·

202 2580 343 2622 binden,
380 2581 525 2614 sondern
567 2581 627 2613 mit
671 2583 707 2611 in
755 2579 884 2622 oppido

622 1757 889 1798 alterthiimlicli,

955 1436 1064 1478 plum,
1080 1436 1205 1469 ebenso
1221 1435 1314 1468 nicht
1330 1434 1490 1468 Calatiae
1499 1436 1645 1468 —Auoei-

956 1485 1015 1514 mi.
1051 1501 1094 1505 —
1129 1483 1167 1514 in
1193 1492 1285 1524 opp„
1321 1481 1402 1514 weit
1427 1491 1493 1514 von
1519 1481 1645 1514 Satur-

958 1530 1040 1559 niae
1065 1531 1240 1571 getrennt,
1275 1537 1301 1560 s.
1329 1538 1357 1560 c.
1388 1528 1423 1568 1,
1452 1529 1511 1567 12,
1545 1537 1586 1560 zu
1612 1530 1644 1569 5,

960 1575 1012 1614 12,
1030 1575 1087 1611 12;
1108 1575 1161 1613 35,
1188 1574 1290 1611 50.3;
1317 1583 1393 1605 man
1409 1572 1526 1606 wiirde
1548 1572 1645 1606 dafiir

958 1619 1038 1652 eber
1063 1619 1137 1652 eine
1151 1619 1315 1652 Loealitat
1339 1619 1373 1651 in
1399 1617 1457 1652 der
1473 1618 1571 1652 stadt
1595 1629 1645 1652 er-

958 1670 1086 1697 warten
1102 1691 1110 1705 ,
1149 1670 1237 1697 etwa
1263 1666 1301 1697 in
1326 1664 1428 1705 foro,-
1455 1674 1481 1697 s.
1507 1667 1562 1705 40,
1594 1665 1644 1706 19,

963 1713 998 1748 2;
1027 1712 1082 1751 39,
1107 1713 1161 1753 56,
1188 1712 1254 1744 6u.
1276 1720 1305 1743 a.
1339 1729 1386 1734 —
1418 1712 1644 1742 exanimatos

960 1756 1019 1789 hat
1043 1756 1117 1789 sich
1142 1766 1183 1789 an
1210 1756 1270 1789 das
1304 1765 1410 1800 genus
1444 1755 1556 1796 potius
1587 1765 1645 1789 an-

960 1802 1193 1845 gesehlossen,
1226 1802 1308 1834 iiber
1332 1801 1398 1835 den
1423 1801 1592 1835 Numerus
1617 1812 1644 1835 s.

963 1851 991 1889 1,
1017 1850 1071 1888 59,
1101 1850 1156 1889 11,
1179 1847 1300 1880 anders
1325 1849 1381 1888 40,
1408 1849 1439 1887 6,
1465 1848 1494 1880 2.
1522 1867 1566 1870 -
1588 1858 1645 1880 res

959 1894 990 1925 cl.
1017 1894 1062 1933 fi,
1098 1895 1152 1932 23,
1190 1895 1241 1931 11,
1267 1895 1297 1927 6.
1331 1911 1375 1917 -
1405 1892 1520 1936 suppl.
1538 1893 1644 1933 —fera

959 1937 1024 1972 wie
1056 1942 1109 1981 40,
1147 1940 1197 1977 19,
1231 1941 1267 1982 5;
1300 1941 1356 1979 41,
1390 1939 1444 1978 21,
1485 1940 1545 1978 11,
1583 1949 1645 1972 11111·

958 1984 1074 2024 leriae
1100 1995 1128 2018 c.
1156 1986 1187 2026 2,
1214 1987 1252 2027 73
1280 1986 1310 2022 3,
1336 1987 1367 2024 5,
1396 1986 1448 2018 14.

1004 2028 1175 2065 21—22.
1212 2029 1315 2063 Streit
1346 2029 1407 2062 des
1440 2029 1645 2063 Proconsuls

958 2076 1114 2119 Popilius
1140 2076 1201 2108 mit
1225 2075 1302 2109 dem
1327 2075 1462 2109 Senate.

1009 2124 1104 2155 1-3.
1144 2121 1192 2153 ad
1216 2123 1237 2153 i.
1267 2125 1431 2162 t‚—non,
1464 2120 1516 2154 bis
1541 2120 1643 2154 dahin

957 2168 1076 2200 immer
1101 2167 1189 2200 noch
1216 2166 1319 2208 nieht,
1345 2178 1374 2202 c.
1402 2168 1456 2210 22,
1487 2169 1521 2205 1;
1557 2166 1643 2199 nach

957 2224 985 2247 c.
1004 2216 1056 2256 10,
1084 2217 1120 2248 15
1147 2213 1239 2246 hatte
1264 2222 1341 2245 man
1356 2212 1449 2245 diese
1462 2211 1644 2256 Z5gerung

959 2259 1053 2293 nicht
1067 2262 1233 2292 erwarten
1247 2257 1367 2291 sollen.
1390 2277 1435 2281 —
1457 2260 1513 2290 uti
1523 2277 1551 2281 -
1562 2257 1642 2300 νείί,

959 2305 1037 2338 weil
1062 2306 1096 2338 in
1120 2316 1197 2347 neq.
1208 2304 1430 2345 -οῠεεᾳαεῠ,
1445 2302 1505 2336 der
1518 2302 1649 2347 Begriff

958 2351 1055 2394 liegt:
1102 2350 1150 2383 sie
1186 2349 1307 2382 liessen
1348 2347 1419 2382 sich
1457 2348 1550 2382 nicht
1586 2349 1643 2382 be-

958 2406 1099 2439 wegen,
1129 2395 1342 2428 bestimmen.
1369 2413 1412 2418 —
1437 2390 1580 2437 statut„
1614 2405 1644 2427 c.

961 2444 1012 2482 10,
1043 2443 1093 2475 10
1117 2459 1162 2465 -
1188 2441 1340 2483 Popil.—
1349 2435 1424 2472 eius
1457 2439 1516 2473 der
1537 2439 1642 2474 Deut-

955 2469 1097 2520 licbkeit
1122 2496 1253 2529 wegen.
1281 2505 1323 2510 —
1348 2485 1499 2524 Statell.
1520 2495 1549 2520 c.
1564 2488 1596 2526 7,
1611 2487 1642 2519 3.

1002 2535 1101 2566 4—5.
1129 2531 1250 2565 Sermo
1265 2551 1293 2555 —-
1309 2531 1444 2575 Scylla,
1458 2531 1556 2565 beide
1567 2511 1643 2564 B'ei-

958 2588 1078 2611 namen
1104 2577 1263 2610 komnien
1290 2577 1382 2611 viell.
1398 2587 1460 2610 nur
1485 2576 1556 2611 hier
1568 2587 1641 2610 vor.

1487 106 1513 126 a.
1531 106 1560 125 u.
1580 99 1641 126 582
1727 114 1731 123 v
