1779 2893
40 111 71 130 a.
90 102 143 130 Ch.
166 102 222 129 186.

464 91 588 124 LiBER
613 92 760 126 xxiux.
812 92 904 126 CAP.
937 94 987 127 12.
1018 96 1067 127 13.
1432 90 1484 131 23

38 217 118 251 tam
140 221 182 248 se
202 208 554 256 nonsinfitiaretur3
571 208 637 248 sed
662 215 699 248 et
716 216 844 248 cetera
862 209 996 247 eadem
1018 208 1092 248 fide
1113 215 1372 260 expromeret.
1417 222 1487 249 ne·
1506 217 1525 250 8

35 267 146 320 agenti
167 266 269 306 ultra
290 266 503 318 quicquam
529 265 643 314 scire,
672 279 751 305 non
778 266 941 306 eandem
959 266 1102 316 dicere,
1129 266 1161 305 si
1179 274 1416 318 coarguatur
1436 266 1483 306 ab

40 324 114 365 alio
128 355 138 370 ,
160 336 206 363 ac
226 335 298 376 per
318 336 360 363 se
380 323 515 363 fatenti
539 323 690 362 veniam
712 330 779 363 aut
799 324 961 375 gratiam
982 323 1088 362 fore:
1124 337 1213 363 eum
1245 323 1320 363 sibi
1352 324 1483 364 omnia

35 381 283 434 exposuisse,
305 381 372 433 qui
394 380 441 420 ab
463 380 527 420 illa
547 380 733 420 audisset.
758 381 900 421 Mulier
919 381 1023 420 haud
1048 380 1179 428 dubie,
1203 381 1240 420 id
1259 381 1363 433 quod
1388 384 1544 429 erat,l3

39 439 251 480 Aebutium
280 438 450 478 indicem
480 438 613 478 arcani
643 446 724 478 rata
755 451 860 486 esse,
883 439 929 478 ad
958 438 1078 490 pedes
1099 438 1295 490 Sulpiciae
1316 439 1487 491 procidit

35 502 79 537 et
108 509 192 537 eam
223 497 351 549 primo
383 508 494 535 orare
515 495 667 548 coepit,
692 509 741 536 ne
769 496 947 536 mulieris
977 496 1182 536 libertinae
1204 509 1292 536 cum
1315 503 1486 537 amatore
1507 505 1526 537 2

35 567 262 595 sermonem
293 554 333 593 in
355 566 438 593 rem
461 566 541 594 non
573 554 715 593 seriam
746 554 875 602 modo,
906 553 974 593 sed
1006 553 1212 605 capitalem
1244 554 1359 593 etiam
1389 555 1486 594 verti

36 612 175 652 vellet:
200 625 242 652 se
262 611 436 651 terrendi
466 611 550 650 eius
573 623 701 659 causa,
726 624 806 651 non
837 611 943 663 quod
964 611 1082 651 sciret
1104 612 1329 663 quicquam,
1354 625 1395 651 ea
1427 612 1485 651 lo-

35 675 168 710 cutam
189 681 289 709 esse.

350 668 414 708 hic
444 668 672 709 Postumius
701 681 891 709 accensus
921 669 990 717 ira,
1014 674 1096 708 tum
1129 681 1288 721 quoque
1319 669 1371 708 ait
1402 682 1485 709 eam
1507 677 1526 710 3

34 739 128 768 cum
150 726 318 767 Aebutio
348 739 390 766 se
412 732 585 766 amatore
608 726 774 766 cavillari
807 726 980 775 credere,
1006 739 1085 765 non
1118 726 1158 766 in
1191 726 1306 765 domo
1339 727 1478 778 gravis-

37 785 158 826 simae
177 784 347 824 feminae
365 789 403 823 et
434 796 523 823 cum
550 784 713 824 consule
731 784 861 836 loqui;
880 790 917 823 et
934 784 1107 836 Sulpicia
1130 783 1317 824 adtollere
1341 797 1486 836 paven-

35 850 128 887 tem,
159 842 277 882 simul
307 841 414 881 illam
445 842 657 889 adhortari,
688 842 805 881 simul
836 842 932 881 iram
965 842 1100 893 generi
1131 841 1268 881 lenire.

33 900 279 948 confirmata,
307 899 477 939 multum
506 900 683 939 incusata
714 899 876 951 perfidia
906 899 1061 946 Aebuti,
1095 899 1163 951 qui
1193 899 1340 951 optime
1369 900 1409 939 in
1439 911 1486 939 eo

36 957 124 1010 ipso
154 958 317 997 meritae
338 957 453 996 talem
483 957 644 1008 gratiam
668 956 896 1003 rettulisset,
918 969 1103 1009 magnum
1127 956 1200 995 sibi
1222 963 1372 996 metum
1394 957 1487 997 deo·
1508 966 1527 997 5

35 1027 138 1063 rum,
178 1026 348 1066 quorum
388 1014 543 1054 occulta
581 1014 691 1054 initia
729 1015 964 1063 enuntiaret,
1003 1014 1190 1054 maiorem
1230 1014 1353 1054 multo
1391 1014 1487 1054 dixit

35 1072 242 1112 hominum
264 1084 362 1119 esse,
386 1072 454 1123 qui
492 1084 533 1111 se
566 1072 735 1111 indicem
757 1072 939 1112 manibus
969 1072 1051 1111 suis
1072 1072 1308 1124 discerpturi
1341 1079 1484 1111 essent.

34 1129 169 1181 itaque
188 1129 263 1169 hoc
294 1141 336 1168 se
357 1129 585 1181 Sulpiciam,
608 1130 684 1169 hoc
705 1129 909 1169 consulem
931 1142 1057 1176 orare,
1081 1136 1124 1168 ut
1145 1142 1186 1168 se
1210 1135 1316 1169 extra
1339 1129 1486 1169 ltaliam
1507 1137 1527 1170 6

34 1187 166 1239 aliquo
188 1186 429 1238 ablegarent,
459 1186 529 1226 ubi
560 1187 758 1238 reliquum
780 1187 878 1227 vitae
901 1187 1044 1239 degere
1066 1192 1150 1227 tuto
1173 1193 1321 1238 posset.

1381 1187 1487 1226 bono
1509 1197 1526 1228 7

0 1238 166 1291 *haimo
196 1257 281 1284 esse
303 1244 439 1284 iubere
461 1256 546 1284 eam
578 1244 735 1293 consul,
768 1250 805 1284 et
826 1244 899 1284 sibi
923 1257 1039 1284 curae
1062 1245 1146 1284 fore
1169 1244 1311 1291 dicere,
1344 1251 1386 1284 ut
1407 1244 1486 1283 Ro-

35 1314 122 1343 mae
151 1308 237 1342 tuto
267 1301 472 1342 habitaret.

532 1307 616 1341 tum
640 1301 797 1354 Hispala
819 1302 1012 1353 originem
1044 1314 1247 1341 sacrorum
1270 1302 1483 1354 expromit:

35 1360 163 1413 primo
194 1359 409 1400 sacrarium
431 1359 470 1398 id
501 1359 735 1399 feminarum
757 1360 893 1408 fuisse,
925 1372 998 1400 nec
1021 1372 1260 1411 quemquam
1283 1372 1328 1399 eo
1359 1360 1485 1400 virum
1507 1370 1526 1402 ‘3

35 1441 66 1481 8,
81 1441 210 1481 33,10:
229 1440 315 1471 bene
331 1440 421 1481 agis,
441 1449 541 1478 σκιῆς
559 1440 613 1472 3-1.
630 1441 660 1473 ῖ,
676 1440 694 1471 5
711 1452 718 1471 2

37 1484 104 1518 Cic.
129 1485 219 1518 Fam.
250 1487 302 1526 15,
317 1487 348 1525 ἵ,
366 1487 400 1518 1:
433 1486 594 1517 maoez'ma
621 1484 720 1516 laeti-

34 1533 86 1564 tia
109 1541 188 1563 sum
212 1531 372 1573 affectu-5,
397 1541 477 1563 cum
502 1530 644 1569 audivi;
674 1530 717 1562 ib.

36 1579 69 1618 9,
86 1578 190 1615 14.3;
209 1578 259 1618 13,
274 1578 328 1612 24,
361 1576 415 1609 die
448 1575 512 1609 Mz.
547 1575 626 1608 Hds.
661 1576 717 1608 hat

37 1623 141 1665 quod.
166 1641 212 1646 —
242 1633 308 1665 per
340 1633 386 1662 se,
422 1633 446 1654 s,
473 1623 526 1656 38.
550 1623 648 1658 26,1.
676 1640 719 1645 —-

33 1670 175 1701 veniam
199 1679 230 1701 a.
251 1678 324 1710 gr„
347 1668 396 1701 sie
421 1667 538 1701 wsirde
564 1667 655 1700 nieht
680 1678 719 1701 so

34 1714 150 1750 leicht.
167 1714 201 1747 in
219 1713 370 1757 gleicher
387 1713 502 1747 Weise
520 1724 617 1752 usw,
633 1724 721 1755 gra-

33 1763 85 1793 tia
108 1760 143 1793 in
168 1759 285 1803 Bezug
309 1759 369 1793 aus
392 1771 418 1792 c.
449 1761 533 1794 19.3
560 1759 592 1792 ff.

78 1804 137 1841 13.
165 1807 263 1840 1—4.
289 1806 387 1839 haud
410 1806 491 1838 dub.
509 1825 554 1829 -—
571 1809 653 1838 rata
679 1816 719 1846 e.,

34 1854 88 1894 36,
103 1853 158 1894 24,
172 1852 311 1885 2,-ίιί
322 1863 352 1894 q.
368 1855 455 1893 erat,
470 1853 721 1891 30,12.11.—

30 1898 119 1932 mul.
137 1898 263 1940 libert„
287 1898 341 1931 die
365 1897 634 1940 ungebundener
650 1897 721 1930 leb-

34 1949 104 1986 ten,
128 1944 217 1977 noch
236 1945 343 1986 jetzt:
369 1943 536 1979 Libertin:
563 1943 617 1976 die
640 1942 721 1976 Ver-

33 1990 188 2033 bindung
211 1990 257 2023 ist
281 1990 348 2023 wie
373 1991 475 2022 homo
505 1989 721 2031 adulescens,

36 2046 63 2070 s.
85 2038 117 2076 5,
132 2037 186 2078 32,
201 2037 239 2073 8;
254 2037 310 2076 42,
324 2038 379 2077 57,
394 2039 433 2074 5;
460 2034 547 2069 Sall..
568 2035 590 2068 1.
612 2037 663 2076 12,
679 2037 718 2069 4:

33 2081 165 2114 mulier
174 2081 372 2115 ancilla.-—
379 2085 496 2125 primo
515 2082 603 2115 ohne
623 2081 720 2114 dein-

34 2128 88 2169 de,
112 2127 205 2160 viell.
229 2127 263 2159 in
288 2126 485 2170 Beziehung
510 2138 551 2160 zu
578 2128 719 2160 tandem

35 2173 57 2218 ᾗ
82 2175 114 2214 4,
138 2172 207 2216 vgl.
224 2173 556 2216 c.9,1.—capilal.,
583 2175 614 2209 3,
633 2175 683 2214 13,
699 2175 720 2206 4

36 2230 68 2253 u.
94 2229 136 2257 a.,
161 2219 250 2252 hier:
276 2219 401 2252 hochst
425 2218 624 2261 gefahrlich,
650 2218 719 2261 vgl.

35 2264 146 2299 Plaut.
172 2264 295 2298 Bacch.
321 2268 383 2300 53:
407 2265 569 2297 Bacchas
592 2268 720 2297 metuo.

35 2330 81 2334 —
104 2312 173 2353 hie,
199 2310 252 2353 da,
276 2311 332 2344 bei
357 2311 468 2344 dieser
491 2311 720 2353 Aeusserung.

35 2376 82 2382 —
105 2357 232 2399 cavill„
260 2357 356 2390 ihren
382 2356 506 2390 Scherz
533 2356 650 2389 treibe.
676 2375 721 2380 —

37 2406 72 2436 et
92 2402 169 2446 ffigt
192 2402 291 2436 einen
307 2413 430 2445 neuen,
454 2401 720 2435 verschiedenen

35 2448 200 2482 Umstand
216 2449 318 2482 hinzu
329 2462 336 2482 ι
349 2448 724 2483 andererseits.—mul-

36 2498 122 2536 tum,
146 2494 303 2536 vielfach,
330 2495 417 2536 sehr,
443 2506 471 2528 c.
498 2495 553 2535 28,
568 2495 651 2535 2;3,
670 2497 720 2528 11.

37 2542 144 2581 5;30,
158 2542 213 2582 30,
227 2542 389 2574 2ἶ,-ι“η
415 2551 454 2573 eo
478 2542 573 2583 ipso,
598 2539 721 2583 gei-ade

36 2586 70 2619 in
104 2585 214 2620 dieser
239 2585 367 2626 Sache,
401 2597 458 2619 um
491 2585 544 2619 die
578 2596 614 2619 es
648 2585 721 2619 sich

795 1438 958 1472 handele.
993 1437 1071 1471 dass
1106 1439 1154 1471 sie
1180 1438 1302 1471 Aebut.
1338 1438 1397 1471 auf
1433 1438 1486 1471 die

797 1483 921 1517 Gefahr
947 1483 1175 1517 aufmerksam
1202 1484 1358 1526 gemacht
1386 1484 1485 1523 habe,

797 1540 821 1562 S.
850 1529 962 1568 Quint.
995 1532 1090 1565 10.5.
1108 1532 1163 1562 11:
1197 1532 1232 1561 in
1265 1530 1330 1562 hoc
1356 1532 1486 1572 optime

793 1574 931 1614 facient
955 1576 1119 1615 infinitae
1137 1578 1378 1618 quaestiones:
1398 1575 1486 1609 doeh

796 1622 852 1654 hat
888 1621 941 1654 die
974 1620 1037 1654 ΜΖ.
1071 1621 1149 1654 Hds.
1186 1624 1312 1664 optimi
1343 1641 1387 1645 —-
1419 1633 1486 1654 me-

795 1670 859 1699 riti
890 1679 921 1701 u.
958 1678 1033 1700 man
1063 1672 1221 1700 erwartet
1256 1668 1298 1700 de
1336 1679 1374 1700 eo
1404 1667 1486 1701 oder

797 1714 840 1746 de
865 1716 951 1757 ipso.

843 1762 942 1793 5—6.
968 1761 1131 1792 sibimet.
1158 1779 1202 1782 —
1227 1770 1298 1791 esse
1317 1759 1397 1792 hebt
1424 1759 1484 1792 das-

796 1805 1066 1848 be'angstigende
1093 1805 1215 1838 Gesuhl
1242 1805 1337 1838 mehr
1362 1806 1485 1838 hervor

797 1852 847 1884 als
881 1855 1046 1893 metuere,
1080 1851 1146 1894 vgl.
1186 1855 1216 1885 5.
1248 1854 1296 1886 14.
1328 1853 1354 1887 1.
1388 1863 1419 1884 u.
1455 1861 1482 1884 a.

797 1918 841 1921 —
859 1898 998 1930 occulta
1023 1900 1082 1933 in..
1110 1908 1134 1930 S.
1151 1908 1177 1929 c..
1197 1899 1248 1931 14.
1263 1900 1302 1931 4:
1332 1899 1359 1932 1.
1376 1899 1429 1931 31.
1445 1898 1482 1932 ⁴3:

797 1946 850 1978 37.
862 1946 915 1977 54.
927 1943 1389 1984 21:⁷nedinmamb1·ltcum,
1403 1942 1484 1976 oder

796 2000 832 2022 es
850 1990 893 2022 ist
913 1990 1067 2032 geheime
1087 1988 1231 2022 Weihen
1257 1988 1277 2032 ξ
1296 1991 1307 2022 1
1337 1999 1484 2031 areana,

797 2046 823 2068 c.
862 2038 914 2070 10.
940 2038 958 2069 5
996 2035 1156 2075 sz'lenda;
1197 2034 1483 2068 wahrscheinlich

795 2087 926 2115 musste
960 2081 1080 2123 jeder.
1127 2081 1185 2114 der
1221 2080 1484 2123 ausgenommen

798 2127 932 2162 wurde.
963 2128 1128 2170 geloben.
1162 2127 1246 2160 siber
1270 2126 1366 2159 Alles
1391 2125 1484 2159 Still-

796 2174 994 2216 schweigen
1021 2184 1061 2206 zu
1087 2173 1321 2208 beobachten.
1355 2172 1423 2215 vgl.
1455 2183 1481 2204 c.

801 2221 851 2260 18,
864 2222 881 2253 3
895 2234 901 2256 ;
920 2222 970 2261 10,
983 2221 1035 2253 38.
1047 2221 1078 2253 9.
1093 2219 1159 2252 wie
1174 2219 1246 2252 sich
1260 2218 1313 2251 die
1328 2218 1483 2251 Bacchae

797 2265 882 2298 auch
897 2275 939 2298 an
950 2265 1128 2307 geheimen
1139 2265 1285 2297 Zeichen
1300 2263 1482 2305 erkennen,

798 2310 906 2344 Plaut.
924 2310 994 2344 Mil.
1014 2314 1045 2345 4.
1060 2313 1092 2347 2,
1107 2311 1399 2352 25.—d1·scerpt.,
1417 2309 1483 2342 wie

797 2356 861 2389 den
888 2356 1073 2400 Lycurgus.
1105 2355 1163 2389 Ov.
1191 2356 1280 2388 Fast.
1308 2357 1339 2395 6,
1358 2356 1423 2388 484
1437 2354 1485 2397 ff.,

798 2401 857 2435 das
875 2402 1075 2445 vorhergeh.
1100 2402 1253 2434 indicem
1272 2401 1314 2433 ist
1328 2400 1482 2444 bedingt,

798 2458 898 2480 wenn
923 2448 972 2481 sie
990 2447 1127 2481 werden
1150 2446 1485 2489 wfirde.—ablega-

796 2497 887 2534 rent,
905 2504 968 2526 nur
985 2493 1037 2526 die
1055 2492 1119 2526 ΜΖ.
1138 2492 1217 2525 Hds.
1236 2493 1294 2526 hat
1311 2493 1485 2526 amanda-

797 2543 887 2581 rent,
911 2549 984 2572 was
1001 2539 1034 2572 L.
1061 2543 1157 2572 sonst
1184 2538 1287 2579 nicht,
1306 2538 1422 2572 Cicero
1447 2539 1482 2571 in

798 2584 938 2618 andei-er
962 2584 1167 2627 Bedeutung
1191 2584 1343 2619 braucht.

1329 842 1485 882 tandem
1508 851 1528 882 4
