<?xml version="1.0" encoding="UTF-8"?>
<!DOCTYPE html PUBLIC "-//W3C//DTD XHTML 1.0 Transitional//EN"
    "http://www.w3.org/TR/xhtml1/DTD/xhtml1-transitional.dtd">
<html xmlns="http://www.w3.org/1999/xhtml" xml:lang="en" lang="en">
 <head>
  <title>
</title>
<meta http-equiv="Content-Type" content="text/html;charset=utf-8" />
  <meta name='ocr-system' content='tesseract 3.04.00' />
  <meta name='ocr-capabilities' content='ocr_page ocr_carea ocr_par ocr_line ocrx_word'/>
</head>
<body>
  <div class='ocr_page' id='page_1' title='image "./aburbeconditalib09livyuoft_0385.png"; bbox 0 0 1779 2893; ppageno 0'>
   <div class='ocr_carea' id='block_1_1' title="bbox 156 109 339 137">
    <p class='ocr_par' dir='ltr' id='par_1_1' title="bbox 156 109 339 137">
     <span class='ocr_line' id='line_1_1' title="bbox 156 109 339 137; baseline -0.005 -1"><span class='ocrx_word' id='word_1_1' title='bbox 156 117 188 136; x_wconf 71' lang='lat' dir='ltr'>a.</span> <span class='ocrx_word' id='word_1_2' title='bbox 207 109 258 137; x_wconf 78' lang='lat' dir='ltr'>Ch.</span> <span class='ocrx_word' id='word_1_3' title='bbox 280 109 339 136; x_wconf 71' lang='lat'>172.</span> 
     </span>
    </p>
   </div>
   <div class='ocr_carea' id='block_1_2' title="bbox 634 95 1169 131">
    <p class='ocr_par' dir='ltr' id='par_1_2' title="bbox 634 95 1169 131">
     <span class='ocr_line' id='line_1_2' title="bbox 634 95 1169 131; baseline 0 -2"><span class='ocrx_word' id='word_1_4' title='bbox 634 95 759 129; x_wconf 88' lang='lat' dir='ltr'>LIBER</span> <span class='ocrx_word' id='word_1_5' title='bbox 785 95 947 131; x_wconf 79' lang='lat' dir='ltr'>xxxxu.</span> <span class='ocrx_word' id='word_1_6' title='bbox 996 96 1090 130; x_wconf 92' lang='lat' dir='ltr'>CAP.</span> <span class='ocrx_word' id='word_1_7' title='bbox 1116 99 1169 130; x_wconf 86' lang='lat'>55.</span> 
     </span>
    </p>
   </div>
   <div class='ocr_carea' id='block_1_3' title="bbox 1544 95 1620 134">
    <p class='ocr_par' dir='ltr' id='par_1_3' title="bbox 1544 95 1620 134">
     <span class='ocr_line' id='line_1_3' title="bbox 1544 95 1620 134; baseline 0.026 -2"><span class='ocrx_word' id='word_1_8' title='bbox 1544 95 1620 134; x_wconf 77' lang='lat'>151</span> 
     </span>
    </p>
   </div>
   <div class='ocr_carea' id='block_1_4' title="bbox 156 213 1665 846">
    <p class='ocr_par' dir='ltr' id='par_1_4' title="bbox 156 213 1665 846">
     <span class='ocr_line' id='line_1_4' title="bbox 162 213 1625 268; baseline 0 -14"><span class='ocrx_word' id='word_1_9' title='bbox 162 227 284 268; x_wconf 88' lang='lat' dir='ltr'>quam</span> <span class='ocrx_word' id='word_1_10' title='bbox 303 215 344 254; x_wconf 90' lang='lat' dir='ltr'>in</span> <span class='ocrx_word' id='word_1_11' title='bbox 368 213 640 254; x_wconf 79' lang='lat' dir='ltr'><strong>Athamaniam</strong></span> <span class='ocrx_word' id='word_1_12' title='bbox 665 219 722 252; x_wconf 86' lang='lat' dir='ltr'>est</span> <span class='ocrx_word' id='word_1_13' title='bbox 749 218 1024 264; x_wconf 85' lang='lat' dir='ltr'>transgressus</span> <span class='ocrx_word' id='word_1_14' title='bbox 1045 214 1174 267; x_wconf 86' lang='lat' dir='ltr'>asperi</span> <span class='ocrx_word' id='word_1_15' title='bbox 1206 227 1250 254; x_wconf 90' lang='lat' dir='ltr'>ac</span> <span class='ocrx_word' id='word_1_16' title='bbox 1271 226 1397 268; x_wconf 93' lang='lat' dir='ltr'>prope</span> <span class='ocrx_word' id='word_1_17' title='bbox 1420 214 1514 254; x_wconf 78' lang='lat' dir='ltr'>invii</span> <span class='ocrx_word' id='word_1_18' title='bbox 1536 215 1625 263; x_wconf 87' lang='lat' dir='ltr'>soli,</span> 
     </span>
     <span class='ocr_line' id='line_1_5' title="bbox 166 270 1623 326; baseline -0.001 -13"><span class='ocrx_word' id='word_1_19' title='bbox 166 285 254 313; x_wconf 87' lang='lat' dir='ltr'>cum</span> <span class='ocrx_word' id='word_1_20' title='bbox 276 272 430 325; x_wconf 85' lang='lat' dir='ltr'>ingenti</span> <span class='ocrx_word' id='word_1_21' title='bbox 460 271 693 311; x_wconf 88' lang='lat' dir='ltr'>difficultate</span> <span class='ocrx_word' id='word_1_22' title='bbox 723 271 853 324; x_wconf 76' lang='lat' dir='ltr'>parvis</span> <span class='ocrx_word' id='word_1_23' title='bbox 882 270 1096 311; x_wconf 74' lang='lat' dir='ltr'>itineribus</span> <span class='ocrx_word' id='word_1_24' title='bbox 1117 285 1233 324; x_wconf 83' lang='lat' dir='ltr'>aegre</span> <span class='ocrx_word' id='word_1_25' title='bbox 1256 272 1462 325; x_wconf 83' lang='lat' dir='ltr'>Gomphos</span> <span class='ocrx_word' id='word_1_26' title='bbox 1485 286 1623 326; x_wconf 88' lang='lat' dir='ltr'>perve-</span> 
     </span>
     <span class='ocr_line' id='line_1_6' title="bbox 166 328 1663 381; baseline -0.001 -10"><span class='ocrx_word' id='word_1_27' title='bbox 166 331 244 380; x_wconf 84' lang='lat' dir='ltr'>nit3</span> <span class='ocrx_word' id='word_1_28' title='bbox 268 331 332 370; x_wconf 91' lang='lat' dir='ltr'>cui</span> <span class='ocrx_word' id='word_1_29' title='bbox 353 330 386 370; x_wconf 89' lang='lat' dir='ltr'>si</span> <span class='ocrx_word' id='word_1_30' title='bbox 406 329 553 369; x_wconf 82' lang='lat' dir='ltr'>vexatis</span> <span class='ocrx_word' id='word_1_31' title='bbox 573 329 803 369; x_wconf 87' lang='lat' dir='ltr'>hominibus</span> <span class='ocrx_word' id='word_1_32' title='bbox 825 328 1018 381; x_wconf 78' lang='lat' dir='ltr'>equisque</span> <span class='ocrx_word' id='word_1_33' title='bbox 1041 329 1211 369; x_wconf 88' lang='lat' dir='ltr'>tironem</span> <span class='ocrx_word' id='word_1_34' title='bbox 1228 330 1443 370; x_wconf 85' lang='lat' dir='ltr'>exercitum</span> <span class='ocrx_word' id='word_1_35' title='bbox 1462 331 1624 371; x_wconf 85' lang='lat' dir='ltr'>ducenti</span> <span class='ocrx_word' id='word_1_36' title='bbox 1645 337 1663 370; x_wconf 89' lang='lat'><strong>3</strong></span> 
     </span>
     <span class='ocr_line' id='line_1_7' title="bbox 165 387 1624 439; baseline 0.001 -11"><span class='ocrx_word' id='word_1_37' title='bbox 165 389 247 428; x_wconf 86' lang='lat' dir='ltr'>acie</span> <span class='ocrx_word' id='word_1_38' title='bbox 268 389 461 428; x_wconf 85' lang='lat' dir='ltr'>instructa</span> <span class='ocrx_word' id='word_1_39' title='bbox 491 393 527 426; x_wconf 88' lang='lat' dir='ltr'>et</span> <span class='ocrx_word' id='word_1_40' title='bbox 558 387 646 427; x_wconf 91' lang='lat' dir='ltr'>loco</span> <span class='ocrx_word' id='word_1_41' title='bbox 670 400 742 427; x_wconf 91' lang='lat' dir='ltr'>suo</span> <span class='ocrx_word' id='word_1_42' title='bbox 764 394 801 427; x_wconf 86' lang='lat' dir='ltr'>et</span> <span class='ocrx_word' id='word_1_43' title='bbox 831 393 1013 439; x_wconf 85' lang='lat' dir='ltr'>tempore</span> <span class='ocrx_word' id='word_1_44' title='bbox 1036 387 1250 427; x_wconf 67' lang='lat' dir='ltr'>obstitisset</span> <span class='ocrx_word' id='word_1_45' title='bbox 1272 401 1354 431; x_wconf 78' lang='lat' dir='ltr'>rex,</span> <span class='ocrx_word' id='word_1_46' title='bbox 1382 401 1430 428; x_wconf 92' lang='lat' dir='ltr'>ne</span> <span class='ocrx_word' id='word_1_47' title='bbox 1452 388 1624 430; x_wconf 86' lang='lat' dir='ltr'>Romani</span> 
     </span>
     <span class='ocr_line' id='line_1_8' title="bbox 164 444 1665 500; baseline 0 -14"><span class='ocrx_word' id='word_1_48' title='bbox 164 447 323 499; x_wconf 89' lang='lat' dir='ltr'>quidem</span> <span class='ocrx_word' id='word_1_49' title='bbox 344 446 525 486; x_wconf 86' lang='lat' dir='ltr'>abnuunt</span> <span class='ocrx_word' id='word_1_50' title='bbox 547 457 689 498; x_wconf 77' lang='lat' dir='ltr'>inagna</span> <span class='ocrx_word' id='word_1_51' title='bbox 711 458 780 485; x_wconf 85' lang='lat' dir='ltr'>sua</span> <span class='ocrx_word' id='word_1_52' title='bbox 804 457 892 484; x_wconf 87' lang='lat' dir='ltr'>cum</span> <span class='ocrx_word' id='word_1_53' title='bbox 917 444 1025 484; x_wconf 88' lang='lat' dir='ltr'>clade</span> <span class='ocrx_word' id='word_1_54' title='bbox 1057 446 1176 485; x_wconf 87' lang='lat' dir='ltr'>fuisse</span> <span class='ocrx_word' id='word_1_55' title='bbox 1200 452 1460 499; x_wconf 82' lang='lat' dir='ltr'>pugnaturos.</span> <span class='ocrx_word' id='word_1_56' title='bbox 1514 453 1624 500; x_wconf 82' lang='lat' dir='ltr'>post·</span> <span class='ocrx_word' id='word_1_57' title='bbox 1645 453 1665 486; x_wconf 74' lang='lat'>4</span> 
     </span>
     <span class='ocr_line' id='line_1_9' title="bbox 161 502 1622 558; baseline 0 -14"><span class='ocrx_word' id='word_1_58' title='bbox 161 517 278 557; x_wconf 87' lang='lat' dir='ltr'>quan]</span> <span class='ocrx_word' id='word_1_59' title='bbox 296 504 503 557; x_wconf 80' lang='lat' dir='ltr'>Gomphos</span> <span class='ocrx_word' id='word_1_60' title='bbox 525 503 609 542; x_wconf 91' lang='lat' dir='ltr'>sine</span> <span class='ocrx_word' id='word_1_61' title='bbox 626 502 842 543; x_wconf 73' lang='lat' dir='ltr'>certamine</span> <span class='ocrx_word' id='word_1_62' title='bbox 859 510 1018 542; x_wconf 81' lang='lat' dir='ltr'>ventum</span> <span class='ocrx_word' id='word_1_63' title='bbox 1037 510 1110 552; x_wconf 82' lang='lat' dir='ltr'>est,</span> <span class='ocrx_word' id='word_1_64' title='bbox 1133 513 1289 556; x_wconf 83' lang='lat' dir='ltr'>praeter</span> <span class='ocrx_word' id='word_1_65' title='bbox 1305 505 1493 556; x_wconf 73' lang='lat' dir='ltr'>¹gaudium</span> <span class='ocrx_word' id='word_1_66' title='bbox 1515 505 1622 558; x_wconf 88' lang='lat' dir='ltr'>peri·</span> 
     </span>
     <span class='ocr_line' id='line_1_10' title="bbox 161 561 1621 614; baseline 0.001 -13"><span class='ocrx_word' id='word_1_67' title='bbox 161 561 291 602; x_wconf 88' lang='lat' dir='ltr'>culosi</span> <span class='ocrx_word' id='word_1_68' title='bbox 312 561 434 602; x_wconf 87' lang='lat' dir='ltr'>saltus</span> <span class='ocrx_word' id='word_1_69' title='bbox 457 562 632 614; x_wconf 87' lang='lat' dir='ltr'>superati</span> <span class='ocrx_word' id='word_1_70' title='bbox 657 567 910 614; x_wconf 83' lang='lat' dir='ltr'>contemptus</span> <span class='ocrx_word' id='word_1_71' title='bbox 933 573 1093 613; x_wconf 83' lang='lat' dir='ltr'>quoque</span> <span class='ocrx_word' id='word_1_72' title='bbox 1114 562 1288 601; x_wconf 73' lang='lat' dir='ltr'>hostium</span> <span class='ocrx_word' id='word_1_73' title='bbox 1311 563 1408 601; x_wconf 87' lang='lat' dir='ltr'>adeo</span> <span class='ocrx_word' id='word_1_74' title='bbox 1431 562 1621 614; x_wconf 84' lang='lat' dir='ltr'>ignoran-</span> 
     </span>
     <span class='ocr_line' id='line_1_11' title="bbox 162 619 1661 673; baseline -0.001 -14"><span class='ocrx_word' id='word_1_75' title='bbox 162 619 261 659; x_wconf 79' lang='lat' dir='ltr'>tium</span> <span class='ocrx_word' id='word_1_76' title='bbox 284 620 606 673; x_wconf 80' lang='lat' dir='ltr'>opportunitates</span> <span class='ocrx_word' id='word_1_77' title='bbox 628 632 719 659; x_wconf 88' lang='lat' dir='ltr'>suas</span> <span class='ocrx_word' id='word_1_78' title='bbox 741 619 916 659; x_wconf 82' lang='lat' dir='ltr'>accessit.</span> <span class='ocrx_word' id='word_1_79' title='bbox 959 619 1154 658; x_wconf 86' lang='lat' dir='ltr'>sacrificio</span> <span class='ocrx_word' id='word_1_80' title='bbox 1178 619 1253 658; x_wconf 88' lang='lat' dir='ltr'>rite</span> <span class='ocrx_word' id='word_1_81' title='bbox 1276 620 1454 672; x_wconf 88' lang='lat' dir='ltr'>perfecto</span> <span class='ocrx_word' id='word_1_82' title='bbox 1478 621 1621 661; x_wconf 89' lang='lat' dir='ltr'>consul</span> <span class='ocrx_word' id='word_1_83' title='bbox 1642 627 1661 658; x_wconf 86' lang='lat'>5</span> 
     </span>
     <span class='ocr_line' id='line_1_12' title="bbox 161 677 1620 730; baseline 0.001 -13"><span class='ocrx_word' id='word_1_84' title='bbox 161 683 201 717; x_wconf 85' lang='lat' dir='ltr'>et</span> <span class='ocrx_word' id='word_1_85' title='bbox 223 678 423 718; x_wconf 83' lang='lat' dir='ltr'>frumento</span> <span class='ocrx_word' id='word_1_86' title='bbox 445 678 535 717; x_wconf 88' lang='lat' dir='ltr'>dato</span> <span class='ocrx_word' id='word_1_87' title='bbox 553 677 746 717; x_wconf 82' lang='lat' dir='ltr'>militibus</span> <span class='ocrx_word' id='word_1_88' title='bbox 767 690 917 730; x_wconf 80' lang='lat' dir='ltr'>paucos</span> <span class='ocrx_word' id='word_1_89' title='bbox 932 677 978 716; x_wconf 90' lang='lat' dir='ltr'>ad</span> <span class='ocrx_word' id='word_1_90' title='bbox 1002 677 1181 730; x_wconf 87' lang='lat' dir='ltr'>requiem</span> <span class='ocrx_word' id='word_1_91' title='bbox 1199 678 1470 717; x_wconf 89' lang='lat' dir='ltr'>iumentorum</span> <span class='ocrx_word' id='word_1_92' title='bbox 1490 680 1620 719; x_wconf 90' lang='lat' dir='ltr'>homi-</span> 
     </span>
     <span class='ocr_line' id='line_1_13' title="bbox 159 735 1624 790; baseline 0.001 -15"><span class='ocrx_word' id='word_1_93' title='bbox 159 747 337 789; x_wconf 87' lang='lat' dir='ltr'>numque</span> <span class='ocrx_word' id='word_1_94' title='bbox 359 742 536 775; x_wconf 87' lang='lat' dir='ltr'>moratus</span> <span class='ocrx_word' id='word_1_95' title='bbox 558 736 655 783; x_wconf 87' lang='lat' dir='ltr'>dies,</span> <span class='ocrx_word' id='word_1_96' title='bbox 677 748 767 775; x_wconf 88' lang='lat' dir='ltr'>cum</span> <span class='ocrx_word' id='word_1_97' title='bbox 789 735 941 774; x_wconf 81' lang='lat' dir='ltr'>audiret</span> <span class='ocrx_word' id='word_1_98' title='bbox 963 736 1092 786; x_wconf 75' lang='lat' dir='ltr'>vagari</span> <span class='ocrx_word' id='word_1_99' title='bbox 1115 735 1352 775; x_wconf 81' lang='lat' dir='ltr'>Macedonas</span> <span class='ocrx_word' id='word_1_100' title='bbox 1383 736 1530 776; x_wconf 87' lang='lat' dir='ltr'>effusos</span> <span class='ocrx_word' id='word_1_101' title='bbox 1552 750 1624 790; x_wconf 86' lang='lat' dir='ltr'>per</span> 
     </span>
     <span class='ocr_line' id='line_1_14' title="bbox 156 793 1622 846; baseline 0.001 -14"><span class='ocrx_word' id='word_1_102' title='bbox 156 793 401 834; x_wconf 86' lang='lat' dir='ltr'>Thessaliam</span> <span class='ocrx_word' id='word_1_103' title='bbox 430 794 653 846; x_wconf 83' lang='lat' dir='ltr'>vastarique</span> <span class='ocrx_word' id='word_1_104' title='bbox 685 794 885 833; x_wconf 85' lang='lat' dir='ltr'>sociorum</span> <span class='ocrx_word' id='word_1_105' title='bbox 918 805 1056 844; x_wconf 83' lang='lat' dir='ltr'>agros,</span> <span class='ocrx_word' id='word_1_106' title='bbox 1088 794 1181 833; x_wconf 85' lang='lat' dir='ltr'>satis</span> <span class='ocrx_word' id='word_1_107' title='bbox 1204 793 1279 833; x_wconf 90' lang='lat' dir='ltr'>iam</span> <span class='ocrx_word' id='word_1_108' title='bbox 1303 794 1496 833; x_wconf 87' lang='lat' dir='ltr'>refectum</span> <span class='ocrx_word' id='word_1_109' title='bbox 1518 795 1622 834; x_wconf 88' lang='lat' dir='ltr'>mili-</span> 
     </span>
    </p>
   </div>
   <div class='ocr_carea' id='block_1_5' title="bbox 159 851 675 892">
    <p class='ocr_par' dir='ltr' id='par_1_5' title="bbox 159 851 675 892">
     <span class='ocr_line' id='line_1_15' title="bbox 159 851 675 892; baseline -0.002 -1"><span class='ocrx_word' id='word_1_110' title='bbox 159 859 239 891; x_wconf 82' lang='lat' dir='ltr'>tem</span> <span class='ocrx_word' id='word_1_111' title='bbox 269 852 316 891; x_wconf 89' lang='lat' dir='ltr'>ad</span> <span class='ocrx_word' id='word_1_112' title='bbox 347 852 523 892; x_wconf 79' lang='lat' dir='ltr'>Larisam</span> <span class='ocrx_word' id='word_1_113' title='bbox 554 851 675 891; x_wconf 88' lang='lat' dir='ltr'>ducit.</span> 
     </span>
    </p>
   </div>
   <div class='ocr_carea' id='block_1_6' title="bbox 732 851 1663 904">
    <p class='ocr_par' dir='ltr' id='par_1_6' title="bbox 732 851 1663 904">
     <span class='ocr_line' id='line_1_16' title="bbox 732 851 1663 904; baseline 0.002 -14"><span class='ocrx_word' id='word_1_114' title='bbox 732 851 824 890; x_wconf 85' lang='lat' dir='ltr'>inde</span> <span class='ocrx_word' id='word_1_115' title='bbox 856 864 947 904; x_wconf 83' lang='lat' dir='ltr'>cum</span> <span class='ocrx_word' id='word_1_116' title='bbox 977 851 1049 890; x_wconf 84' lang='lat' dir='ltr'>tria</span> <span class='ocrx_word' id='word_1_117' title='bbox 1083 851 1189 891; x_wconf 83' lang='lat' dir='ltr'>milia</span> <span class='ocrx_word' id='word_1_118' title='bbox 1221 853 1344 891; x_wconf 80' lang='lat' dir='ltr'>ferme</span> <span class='ocrx_word' id='word_1_119' title='bbox 1366 851 1543 899; x_wconf 88' lang='lat' dir='ltr'>abesset,</span> <span class='ocrx_word' id='word_1_120' title='bbox 1574 853 1622 892; x_wconf 87' lang='lat' dir='ltr'>ad</span> <span class='ocrx_word' id='word_1_121' title='bbox 1643 858 1663 891; x_wconf 84' lang='lat'>6</span> 
     </span>
    </p>
   </div>
   <div class='ocr_carea' id='block_1_7' title="bbox 155 909 1662 1486">
    <p class='ocr_par' dir='ltr' id='par_1_7' title="bbox 155 909 1662 1486">
     <span class='ocr_line' id='line_1_17' title="bbox 157 909 1623 963; baseline 0.001 -14"><span class='ocrx_word' id='word_1_122' title='bbox 157 909 352 963; x_wconf 89' lang='lat' dir='ltr'>Tripolim</span> <span class='ocrx_word' id='word_1_123' title='bbox 383 933 438 938; x_wconf 84' lang='lat'>-</span> <span class='ocrx_word' id='word_1_124' title='bbox 469 909 631 949; x_wconf 84' lang='lat' dir='ltr'>Scaeam</span> <span class='ocrx_word' id='word_1_125' title='bbox 663 916 805 949; x_wconf 81' lang='lat' dir='ltr'>vocant</span> <span class='ocrx_word' id='word_1_126' title='bbox 840 933 888 936; x_wconf 82' lang='lat'>-—</span> <span class='ocrx_word' id='word_1_127' title='bbox 925 922 1046 962; x_wconf 89' lang='lat' dir='ltr'>super</span> <span class='ocrx_word' id='word_1_128' title='bbox 1082 909 1260 949; x_wconf 87' lang='lat' dir='ltr'>Peneum</span> <span class='ocrx_word' id='word_1_129' title='bbox 1296 922 1454 950; x_wconf 87' lang='lat' dir='ltr'>amnem</span> <span class='ocrx_word' id='word_1_130' title='bbox 1488 911 1623 963; x_wconf 81' lang='lat' dir='ltr'>posuit</span> 
     </span>
     <span class='ocr_line' id='line_1_18' title="bbox 159 967 1660 1021; baseline 0.001 -15"><span class='ocrx_word' id='word_1_131' title='bbox 159 974 298 1009; x_wconf 77' lang='lat' dir='ltr'>eastra.</span> <span class='ocrx_word' id='word_1_132' title='bbox 341 980 413 1021; x_wconf 89' lang='lat' dir='ltr'>per</span> <span class='ocrx_word' id='word_1_133' title='bbox 434 967 538 1007; x_wconf 88' lang='lat' dir='ltr'>idem</span> <span class='ocrx_word' id='word_1_134' title='bbox 559 974 716 1020; x_wconf 83' lang='lat' dir='ltr'>tempus</span> <span class='ocrx_word' id='word_1_135' title='bbox 735 967 934 1007; x_wconf 82' lang='lat' dir='ltr'>Eumenes</span> <span class='ocrx_word' id='word_1_136' title='bbox 955 967 1001 1006; x_wconf 86' lang='lat' dir='ltr'>ad</span> <span class='ocrx_word' id='word_1_137' title='bbox 1024 967 1249 1007; x_wconf 80' lang='lat' dir='ltr'>Chalcidem</span> <span class='ocrx_word' id='word_1_138' title='bbox 1273 968 1439 1008; x_wconf 80' lang='lat' dir='ltr'>navibus</span> <span class='ocrx_word' id='word_1_139' title='bbox 1455 968 1620 1008; x_wconf 84' lang='lat' dir='ltr'>accessit</span> <span class='ocrx_word' id='word_1_140' title='bbox 1643 976 1660 1007; x_wconf 76' lang='lat'>7</span> 
     </span>
     <span class='ocr_line' id='line_1_19' title="bbox 158 1025 1620 1078; baseline 0.001 -13"><span class='ocrx_word' id='word_1_141' title='bbox 158 1038 249 1065; x_wconf 89' lang='lat' dir='ltr'>cum</span> <span class='ocrx_word' id='word_1_142' title='bbox 281 1025 414 1065; x_wconf 85' lang='lat' dir='ltr'>Attalo</span> <span class='ocrx_word' id='word_1_143' title='bbox 444 1031 561 1078; x_wconf 88' lang='lat' dir='ltr'>atque</span> <span class='ocrx_word' id='word_1_144' title='bbox 594 1026 799 1065; x_wconf 78' lang='lat' dir='ltr'>Athenaeo</span> <span class='ocrx_word' id='word_1_145' title='bbox 831 1025 1041 1069; x_wconf 84' lang='lat' dir='ltr'>fratribus,</span> <span class='ocrx_word' id='word_1_146' title='bbox 1079 1025 1300 1065; x_wconf 76' lang='lat' dir='ltr'>Philetaero</span> <span class='ocrx_word' id='word_1_147' title='bbox 1332 1027 1450 1066; x_wconf 84' lang='lat' dir='ltr'>fratre</span> <span class='ocrx_word' id='word_1_148' title='bbox 1481 1026 1620 1066; x_wconf 85' lang='lat' dir='ltr'>relicto</span> 
     </span>
     <span class='ocr_line' id='line_1_20' title="bbox 157 1082 1621 1137; baseline 0.001 -15"><span class='ocrx_word' id='word_1_149' title='bbox 157 1082 342 1136; x_wconf 84' lang='lat' dir='ltr'>Pergami</span> <span class='ocrx_word' id='word_1_150' title='bbox 363 1084 410 1123; x_wconf 90' lang='lat' dir='ltr'>ad</span> <span class='ocrx_word' id='word_1_151' title='bbox 432 1083 595 1123; x_wconf 86' lang='lat' dir='ltr'>tutelam</span> <span class='ocrx_word' id='word_1_152' title='bbox 612 1083 739 1135; x_wconf 83' lang='lat' dir='ltr'>regni.</span> <span class='ocrx_word' id='word_1_153' title='bbox 777 1083 962 1123; x_wconf 85' lang='lat' dir='ltr'>Chalcide</span> <span class='ocrx_word' id='word_1_154' title='bbox 985 1095 1075 1123; x_wconf 89' lang='lat' dir='ltr'>cum</span> <span class='ocrx_word' id='word_1_155' title='bbox 1093 1084 1227 1123; x_wconf 83' lang='lat' dir='ltr'>Attalo</span> <span class='ocrx_word' id='word_1_156' title='bbox 1251 1090 1287 1123; x_wconf 89' lang='lat' dir='ltr'>et</span> <span class='ocrx_word' id='word_1_157' title='bbox 1313 1091 1500 1137; x_wconf 88' lang='lat' dir='ltr'>quattuor</span> <span class='ocrx_word' id='word_1_158' title='bbox 1515 1085 1621 1124; x_wconf 92' lang='lat' dir='ltr'>mili-</span> 
     </span>
     <span class='ocr_line' id='line_1_21' title="bbox 157 1140 1661 1194; baseline 0.001 -14"><span class='ocrx_word' id='word_1_159' title='bbox 157 1140 233 1181; x_wconf 83' lang='lat' dir='ltr'>hus</span> <span class='ocrx_word' id='word_1_160' title='bbox 254 1141 454 1194; x_wconf 87' lang='lat' dir='ltr'>peditum,</span> <span class='ocrx_word' id='word_1_161' title='bbox 483 1141 590 1181; x_wconf 90' lang='lat' dir='ltr'>mille</span> <span class='ocrx_word' id='word_1_162' title='bbox 614 1141 791 1194; x_wconf 85' lang='lat' dir='ltr'>equitum</span> <span class='ocrx_word' id='word_1_163' title='bbox 814 1141 861 1181; x_wconf 84' lang='lat' dir='ltr'>ad</span> <span class='ocrx_word' id='word_1_164' title='bbox 884 1142 1091 1181; x_wconf 87' lang='lat' dir='ltr'>consulem</span> <span class='ocrx_word' id='word_1_165' title='bbox 1117 1142 1244 1189; x_wconf 82' lang='lat' dir='ltr'>venit;</span> <span class='ocrx_word' id='word_1_166' title='bbox 1278 1142 1462 1182; x_wconf 82' lang='lat' dir='ltr'>Chalcide</span> <span class='ocrx_word' id='word_1_167' title='bbox 1484 1142 1620 1183; x_wconf 84' lang='lat' dir='ltr'>relicta</span> <span class='ocrx_word' id='word_1_168' title='bbox 1642 1149 1661 1182; x_wconf 83' lang='grc'>8</span> 
     </span>
     <span class='ocr_line' id='line_1_22' title="bbox 157 1199 1620 1252; baseline 0.001 -14"><span class='ocrx_word' id='word_1_169' title='bbox 157 1199 236 1238; x_wconf 87' lang='lat' dir='ltr'>duo</span> <span class='ocrx_word' id='word_1_170' title='bbox 253 1200 361 1239; x_wconf 87' lang='lat' dir='ltr'>milia</span> <span class='ocrx_word' id='word_1_171' title='bbox 384 1199 575 1252; x_wconf 85' lang='lat' dir='ltr'>peditum,</span> <span class='ocrx_word' id='word_1_172' title='bbox 599 1199 743 1252; x_wconf 84' lang='lat' dir='ltr'>quibus</span> <span class='ocrx_word' id='word_1_173' title='bbox 765 1200 991 1239; x_wconf 74' lang='lat' dir='ltr'>Athenaeus</span> <span class='ocrx_word' id='word_1_174' title='bbox 1015 1201 1280 1251; x_wconf 85' lang='lat' dir='ltr'>praepositus.</span> <span class='ocrx_word' id='word_1_175' title='bbox 1327 1207 1364 1239; x_wconf 84' lang='lat' dir='ltr'>et</span> <span class='ocrx_word' id='word_1_176' title='bbox 1385 1200 1458 1240; x_wconf 90' lang='lat' dir='ltr'>alia</span> <span class='ocrx_word' id='word_1_177' title='bbox 1481 1201 1620 1240; x_wconf 88' lang='lat' dir='ltr'>eodem</span> 
     </span>
     <span class='ocr_line' id='line_1_23' title="bbox 155 1256 1622 1311; baseline 0.001 -15"><span class='ocrx_word' id='word_1_178' title='bbox 155 1257 298 1296; x_wconf 83' lang='lat' dir='ltr'>auxilia</span> <span class='ocrx_word' id='word_1_179' title='bbox 323 1256 513 1296; x_wconf 83' lang='lat' dir='ltr'>Romanis</span> <span class='ocrx_word' id='word_1_180' title='bbox 543 1269 589 1296; x_wconf 85' lang='lat' dir='ltr'>ex</span> <span class='ocrx_word' id='word_1_181' title='bbox 612 1257 799 1296; x_wconf 88' lang='lat' dir='ltr'>omnibus</span> <span class='ocrx_word' id='word_1_182' title='bbox 830 1257 1008 1309; x_wconf 89' lang='lat' dir='ltr'>undique</span> <span class='ocrx_word' id='word_1_183' title='bbox 1031 1257 1217 1297; x_wconf 79' lang='lat' dir='ltr'>Graeciae</span> <span class='ocrx_word' id='word_1_184' title='bbox 1239 1258 1400 1311; x_wconf 88' lang='lat' dir='ltr'>populis</span> <span class='ocrx_word' id='word_1_185' title='bbox 1422 1271 1622 1298; x_wconf 74' lang='lat' dir='ltr'>convene-</span> 
     </span>
     <span class='ocr_line' id='line_1_24' title="bbox 155 1314 1622 1368; baseline 0.001 -14"><span class='ocrx_word' id='word_1_186' title='bbox 155 1321 271 1363; x_wconf 89' lang='lat' dir='ltr'>runt,</span> <span class='ocrx_word' id='word_1_187' title='bbox 303 1327 472 1368; x_wconf 87' lang='lat' dir='ltr'>quorum</span> <span class='ocrx_word' id='word_1_188' title='bbox 504 1314 694 1367; x_wconf 82' lang='lat' dir='ltr'>pleraque</span> <span class='ocrx_word' id='word_1_189' title='bbox 723 1339 780 1343; x_wconf 95' lang='lat'>-—</span> <span class='ocrx_word' id='word_1_190' title='bbox 810 1316 907 1354; x_wconf 86' lang='lat' dir='ltr'>adeo</span> <span class='ocrx_word' id='word_1_191' title='bbox 939 1328 1057 1368; x_wconf 79' lang='lat' dir='ltr'>parva</span> <span class='ocrx_word' id='word_1_192' title='bbox 1087 1322 1198 1355; x_wconf 88' lang='lat' dir='ltr'>erant</span> <span class='ocrx_word' id='word_1_193' title='bbox 1229 1316 1346 1355; x_wconf 90' lang='lat' dir='ltr'>—in</span> <span class='ocrx_word' id='word_1_194' title='bbox 1381 1316 1622 1356; x_wconf 82' lang='lat' dir='ltr'>oblivionem</span> 
     </span>
     <span class='ocr_line' id='line_1_25' title="bbox 155 1372 1662 1427; baseline 0.001 -14"><span class='ocrx_word' id='word_1_195' title='bbox 155 1373 336 1413; x_wconf 89' lang='lat' dir='ltr'>adducta.</span> <span class='ocrx_word' id='word_1_196' title='bbox 387 1372 663 1426; x_wconf 84' lang='lat' dir='ltr'>Apolloniatae</span> <span class='ocrx_word' id='word_1_197' title='bbox 694 1379 897 1412; x_wconf 87' lang='lat' dir='ltr'>trecentos</span> <span class='ocrx_word' id='word_1_198' title='bbox 929 1374 1104 1426; x_wconf 81' lang='lat' dir='ltr'>equites,</span> <span class='ocrx_word' id='word_1_199' title='bbox 1136 1380 1295 1413; x_wconf 80' lang='lat' dir='ltr'>centum</span> <span class='ocrx_word' id='word_1_200' title='bbox 1328 1374 1480 1427; x_wconf 82' lang='lat' dir='ltr'>pedites</span> <span class='ocrx_word' id='word_1_201' title='bbox 1501 1375 1621 1415; x_wconf 88' lang='lat' dir='ltr'>mise·</span> <span class='ocrx_word' id='word_1_202' title='bbox 1642 1381 1662 1414; x_wconf 90' lang='lat'>9</span> 
     </span>
     <span class='ocr_line' id='line_1_26' title="bbox 155 1430 1621 1486; baseline 0.001 -15"><span class='ocrx_word' id='word_1_203' title='bbox 155 1437 264 1471; x_wconf 87' lang='lat' dir='ltr'>runt.</span> <span class='ocrx_word' id='word_1_204' title='bbox 306 1430 538 1470; x_wconf 86' lang='lat' dir='ltr'>Aetolorum</span> <span class='ocrx_word' id='word_1_205' title='bbox 560 1431 644 1470; x_wconf 87' lang='lat' dir='ltr'>alae</span> <span class='ocrx_word' id='word_1_206' title='bbox 667 1431 786 1470; x_wconf 89' lang='lat' dir='ltr'>unius</span> <span class='ocrx_word' id='word_1_207' title='bbox 807 1431 942 1480; x_wconf 86' lang='lat' dir='ltr'>instar.</span> <span class='ocrx_word' id='word_1_208' title='bbox 967 1438 1159 1484; x_wconf 86' lang='lat' dir='ltr'>quantum</span> <span class='ocrx_word' id='word_1_209' title='bbox 1183 1432 1230 1471; x_wconf 89' lang='lat' dir='ltr'>ab</span> <span class='ocrx_word' id='word_1_210' title='bbox 1256 1439 1333 1471; x_wconf 84' lang='lat' dir='ltr'>tota</span> <span class='ocrx_word' id='word_1_211' title='bbox 1365 1439 1485 1483; x_wconf 76' lang='lat' dir='ltr'>gente</span> <span class='ocrx_word' id='word_1_212' title='bbox 1508 1433 1621 1486; x_wconf 91' lang='lat' dir='ltr'>equi-</span> 
     </span>
    </p>
   </div>
   <div class='ocr_carea' id='block_1_8' title="bbox 155 1488 1683 1543">
    <p class='ocr_par' dir='ltr' id='par_1_8' title="bbox 155 1488 1683 1543">
     <span class='ocr_line' id='line_1_27' title="bbox 155 1488 1683 1543; baseline 0.001 -14"><span class='ocrx_word' id='word_1_213' title='bbox 155 1496 241 1529; x_wconf 82' lang='lat' dir='ltr'>tum</span> <span class='ocrx_word' id='word_1_214' title='bbox 271 1489 382 1540; x_wconf 87' lang='lat' dir='ltr'>[erat]</span> <span class='ocrx_word' id='word_1_215' title='bbox 413 1495 594 1536; x_wconf 89' lang='lat' dir='ltr'>venerat,</span> <span class='ocrx_word' id='word_1_216' title='bbox 633 1494 671 1527; x_wconf 87' lang='lat' dir='ltr'>et</span> <span class='ocrx_word' id='word_1_217' title='bbox 711 1488 1014 1536; x_wconf 78' lang='lat' dir='ltr'>Thessalorum,</span> <span class='ocrx_word' id='word_1_218' title='bbox 1051 1502 1215 1542; x_wconf 80' lang='lat' dir='ltr'>quorum</span> <span class='ocrx_word' id='word_1_219' title='bbox 1255 1491 1384 1530; x_wconf 90' lang='lat' dir='ltr'>omnis</span> <span class='ocrx_word' id='word_1_220' title='bbox 1423 1491 1622 1543; x_wconf 89' lang='lat' dir='ltr'>equitatus</span> <span class='ocrx_word' id='word_1_221' title='bbox 1645 1497 1683 1531; x_wconf 87' lang='lat'>10</span> 
     </span>
    </p>
   </div>
   <div class='ocr_carea' id='block_1_9' title="bbox 155 1546 1620 1601">
    <p class='ocr_par' dir='ltr' id='par_1_9' title="bbox 155 1546 1620 1601">
     <span class='ocr_line' id='line_1_28' title="bbox 155 1546 1620 1601; baseline 0.001 -14"><span class='ocrx_word' id='word_1_222' title='bbox 155 1553 338 1600; x_wconf 82' lang='lat' dir='ltr'>speratus</span> <span class='ocrx_word' id='word_1_223' title='bbox 369 1552 473 1593; x_wconf 84' lang='lat' dir='ltr'>erat,</span> <span class='ocrx_word' id='word_1_224' title='bbox 508 1558 590 1586; x_wconf 89' lang='lat' dir='ltr'>non</span> <span class='ocrx_word' id='word_1_225' title='bbox 622 1546 714 1599; x_wconf 89' lang='lat' dir='ltr'>plus</span> <span class='ocrx_word' id='word_1_226' title='bbox 746 1559 862 1599; x_wconf 89' lang='lat' dir='ltr'>quam</span> <span class='ocrx_word' id='word_1_227' title='bbox 896 1547 1067 1586; x_wconf 84' lang='lat' dir='ltr'>trecenti</span> <span class='ocrx_word' id='word_1_228' title='bbox 1099 1555 1210 1587; x_wconf 85' lang='lat' dir='ltr'>erant</span> <span class='ocrx_word' id='word_1_229' title='bbox 1234 1549 1386 1601; x_wconf 77' lang='lat' dir='ltr'>equites</span> <span class='ocrx_word' id='word_1_230' title='bbox 1419 1549 1620 1589; x_wconf 82' lang='lat' dir='ltr'>incastris</span> 
     </span>
    </p>
   </div>
   <div class='ocr_carea' id='block_1_10' title="bbox 149 1648 853 2663">
    <p class='ocr_par' dir='ltr' id='par_1_10' title="bbox 149 1648 853 2430">
     <span class='ocr_line' id='line_1_29' title="bbox 154 1648 851 1692; baseline 0 -11"><span class='ocrx_word' id='word_1_231' title='bbox 154 1669 199 1672; x_wconf 97' lang='lat'><strong>—</strong></span> <span class='ocrx_word' id='word_1_232' title='bbox 225 1650 347 1692; x_wconf 77' lang='lat' dir='ltr'>asperi</span> <span class='ocrx_word' id='word_1_233' title='bbox 371 1660 403 1681; x_wconf 84' lang='lat' dir='ltr'>(l.</span> <span class='ocrx_word' id='word_1_234' title='bbox 428 1659 464 1691; x_wconf 73' lang='lat' dir='ltr'>J}-</span> <span class='ocrx_word' id='word_1_235' title='bbox 494 1650 517 1682; x_wconf 72' lang='grc' dir='ltr'>τ’.</span> <span class='ocrx_word' id='word_1_236' title='bbox 544 1648 623 1688; x_wconf 79' lang='lat' dir='ltr'>soli,</span> <span class='ocrx_word' id='word_1_237' title='bbox 649 1658 676 1681; x_wconf 88' lang='lat' dir='ltr'>s.</span> <span class='ocrx_word' id='word_1_238' title='bbox 695 1650 725 1688; x_wconf 98' lang='lat'>3,</span> <span class='ocrx_word' id='word_1_239' title='bbox 744 1649 851 1690; x_wconf 78' lang='lat'>27‚1;</span> 
     </span>
     <span class='ocr_line' id='line_1_30' title="bbox 156 1694 852 1738; baseline -0.001 -9"><span class='ocrx_word' id='word_1_240' title='bbox 156 1696 352 1737; x_wconf 83' lang='grc'>35,31,14.</span> <span class='ocrx_word' id='word_1_241' title='bbox 380 1714 421 1718; x_wconf 78' lang='lat'><strong>—</strong></span> <span class='ocrx_word' id='word_1_242' title='bbox 452 1694 612 1738; x_wconf 59' lang='lat' dir='ltr'>Gomph„</span> <span class='ocrx_word' id='word_1_243' title='bbox 631 1705 655 1727; x_wconf 83' lang='lat' dir='ltr'>S.</span> <span class='ocrx_word' id='word_1_244' title='bbox 672 1696 729 1735; x_wconf 88' lang='lat'>31,</span> <span class='ocrx_word' id='word_1_245' title='bbox 744 1697 798 1735; x_wconf 75' lang='lat'>41,</span> <span class='ocrx_word' id='word_1_246' title='bbox 815 1696 852 1732; x_wconf 84' lang='lat'>6;</span> 
     </span>
     <span class='ocr_line' id='line_1_31' title="bbox 153 1740 853 1784; baseline 0 -9"><span class='ocrx_word' id='word_1_247' title='bbox 153 1740 261 1775; x_wconf 88' lang='lat' dir='ltr'>durch</span> <span class='ocrx_word' id='word_1_248' title='bbox 287 1740 352 1774; x_wconf 87' lang='lat' dir='ltr'>den</span> <span class='ocrx_word' id='word_1_249' title='bbox 369 1740 454 1775; x_wconf 88' lang='lat' dir='ltr'>Pass</span> <span class='ocrx_word' id='word_1_250' title='bbox 481 1741 532 1774; x_wconf 88' lang='lat' dir='ltr'>hei</span> <span class='ocrx_word' id='word_1_251' title='bbox 550 1740 726 1784; x_wconf 78' lang='lat' dir='ltr'>Argithea,</span> <span class='ocrx_word' id='word_1_252' title='bbox 754 1742 809 1782; x_wconf 69' lang='lat'>38,</span> <span class='ocrx_word' id='word_1_253' title='bbox 823 1742 853 1775; x_wconf 90' lang='lat'>2.</span> 
     </span>
     <span class='ocr_line' id='line_1_32' title="bbox 154 1789 850 1829; baseline -0.001 -9"><span class='ocrx_word' id='word_1_254' title='bbox 154 1807 199 1812; x_wconf 86' lang='lat'>——·</span> <span class='ocrx_word' id='word_1_255' title='bbox 226 1789 378 1829; x_wconf 69' lang='lat' dir='ltr'>vexatis,</span> <span class='ocrx_word' id='word_1_256' title='bbox 405 1789 461 1829; x_wconf 82' lang='lat'>40,</span> <span class='ocrx_word' id='word_1_257' title='bbox 488 1789 542 1827; x_wconf 87' lang='lat'>22,</span> <span class='ocrx_word' id='word_1_258' title='bbox 569 1789 599 1821; x_wconf 81' lang='lat'>6.</span> <span class='ocrx_word' id='word_1_259' title='bbox 626 1790 850 1828; x_wconf 79' lang='lat' dir='ltr'>—tz&#39;1·071.,c.</span> 
     </span>
     <span class='ocr_line' id='line_1_33' title="bbox 153 1833 851 1877; baseline -0.003 -9"><span class='ocrx_word' id='word_1_260' title='bbox 153 1836 210 1877; x_wconf 81' lang='lat'>52,</span> <span class='ocrx_word' id='word_1_261' title='bbox 242 1835 299 1873; x_wconf 88' lang='lat'>10;</span> <span class='ocrx_word' id='word_1_262' title='bbox 328 1835 383 1876; x_wconf 89' lang='grc'>31,</span> <span class='ocrx_word' id='word_1_263' title='bbox 409 1837 440 1867; x_wconf 86' lang='grc'>4.</span> <span class='ocrx_word' id='word_1_264' title='bbox 475 1853 519 1857; x_wconf 92' lang='grc'><strong>-</strong></span> <span class='ocrx_word' id='word_1_265' title='bbox 548 1833 624 1866; x_wconf 77' lang='lat' dir='ltr'>Ioco</span> <span class='ocrx_word' id='word_1_266' title='bbox 650 1845 676 1865; x_wconf 78' lang='lat' dir='ltr'>s.</span> <span class='ocrx_word' id='word_1_267' title='bbox 704 1846 731 1865; x_wconf 71' lang='lat' dir='ltr'>e.</span> <span class='ocrx_word' id='word_1_268' title='bbox 759 1837 794 1873; x_wconf 53' lang='grc' dir='ltr'>ᾗ,</span> <span class='ocrx_word' id='word_1_269' title='bbox 823 1844 851 1866; x_wconf 87' lang='lat' dir='ltr'>c.</span> 
     </span>
     <span class='ocr_line' id='line_1_34' title="bbox 153 1879 853 1923; baseline -0.003 -9"><span class='ocrx_word' id='word_1_270' title='bbox 153 1882 211 1923; x_wconf 77' lang='lat'>43,</span> <span class='ocrx_word' id='word_1_271' title='bbox 225 1882 256 1913; x_wconf 84' lang='lat'>3.</span> <span class='ocrx_word' id='word_1_272' title='bbox 282 1900 326 1904; x_wconf 82' lang='lat'>——</span> <span class='ocrx_word' id='word_1_273' title='bbox 342 1891 386 1911; x_wconf 71' lang='lat' dir='ltr'>ne</span> <span class='ocrx_word' id='word_1_274' title='bbox 401 1879 439 1914; x_wconf 75' lang='lat' dir='ltr'>R.</span> <span class='ocrx_word' id='word_1_275' title='bbox 457 1901 482 1903; x_wconf 80' lang='lat'>—</span> <span class='ocrx_word' id='word_1_276' title='bbox 501 1880 580 1912; x_wconf 70' lang='lat' dir='ltr'>aba.</span> <span class='ocrx_word' id='word_1_277' title='bbox 607 1879 737 1912; x_wconf 69' lang='lat' dir='ltr'>enthiilt</span> <span class='ocrx_word' id='word_1_278' title='bbox 759 1879 853 1913; x_wconf 85' lang='lat' dir='ltr'>nicht</span> 
     </span>
     <span class='ocr_line' id='line_1_35' title="bbox 153 1926 850 1970; baseline -0.001 -11"><span class='ocrx_word' id='word_1_279' title='bbox 153 1926 214 1960; x_wconf 79' lang='lat' dir='ltr'>(las</span> <span class='ocrx_word' id='word_1_280' title='bbox 231 1926 410 1970; x_wconf 83' lang='lat' dir='ltr'>Bedingte,</span> <span class='ocrx_word' id='word_1_281' title='bbox 435 1926 582 1960; x_wconf 86' lang='lat' dir='ltr'>sonderu</span> <span class='ocrx_word' id='word_1_282' title='bbox 609 1926 668 1959; x_wconf 90' lang='lat' dir='ltr'>der</span> <span class='ocrx_word' id='word_1_283' title='bbox 680 1926 763 1969; x_wconf 72' lang='lat' dir='ltr'>fulg.</span> <span class='ocrx_word' id='word_1_284' title='bbox 780 1936 850 1959; x_wconf 77' lang='lat' dir='ltr'>arc.</span> 
     </span>
     <span class='ocr_line' id='line_1_36' title="bbox 153 1972 851 2017; baseline -0.001 -12"><span class='ocrx_word' id='word_1_285' title='bbox 153 1983 182 2005; x_wconf 79' lang='lat' dir='ltr'>c.</span> <span class='ocrx_word' id='word_1_286' title='bbox 209 1972 284 2011; x_wconf 83' lang='lat' dir='ltr'>ins.;</span> <span class='ocrx_word' id='word_1_287' title='bbox 311 1972 598 2006; x_wconf 84' lang='lat' dir='ltr'>wahrscheinlich</span> <span class='ocrx_word' id='word_1_288' title='bbox 625 1973 719 2005; x_wconf 88' lang='lat' dir='ltr'>hatte</span> <span class='ocrx_word' id='word_1_289' title='bbox 746 1972 851 2017; x_wconf 67' lang='lat' dir='ltr'>Poly-</span> 
     </span>
     <span class='ocr_line' id='line_1_37' title="bbox 155 2019 850 2057; baseline 0.004 -8"><span class='ocrx_word' id='word_1_290' title='bbox 155 2019 230 2053; x_wconf 79' lang='lat' dir='ltr'>bius</span> <span class='ocrx_word' id='word_1_291' title='bbox 255 2019 434 2057; x_wconf 81' lang='lat' dir='ltr'>berichtet,</span> <span class='ocrx_word' id='word_1_292' title='bbox 460 2020 539 2052; x_wconf 84' lang='lat' dir='ltr'>dass</span> <span class='ocrx_word' id='word_1_293' title='bbox 565 2019 620 2052; x_wconf 88' lang='lat' dir='ltr'>die</span> <span class='ocrx_word' id='word_1_294' title='bbox 640 2019 765 2052; x_wconf 73' lang='lat' dir='ltr'>Romer</span> <span class='ocrx_word' id='word_1_295' title='bbox 791 2019 850 2052; x_wconf 82' lang='lat' dir='ltr'>das</span> 
     </span>
     <span class='ocr_line' id='line_1_38' title="bbox 152 2064 850 2109; baseline -0.001 -11"><span class='ocrx_word' id='word_1_296' title='bbox 152 2065 340 2099; x_wconf 74' lang='lat' dir='ltr'>Versahren</span> <span class='ocrx_word' id='word_1_297' title='bbox 367 2064 426 2098; x_wconf 85' lang='lat' dir='ltr'>des</span> <span class='ocrx_word' id='word_1_298' title='bbox 452 2064 594 2109; x_wconf 67' lang='lat' dir='ltr'>Ktjnigs,</span> <span class='ocrx_word' id='word_1_299' title='bbox 620 2065 737 2098; x_wconf 84' lang='lat' dir='ltr'>seinen</span> <span class='ocrx_word' id='word_1_300' title='bbox 757 2065 850 2098; x_wconf 78' lang='lat' dir='ltr'>Man-</span> 
     </span>
     <span class='ocr_line' id='line_1_39' title="bbox 151 2111 848 2155; baseline 0 -11"><span class='ocrx_word' id='word_1_301' title='bbox 151 2111 210 2155; x_wconf 81' lang='lat' dir='ltr'>gel</span> <span class='ocrx_word' id='word_1_302' title='bbox 236 2121 278 2144; x_wconf 89' lang='lat' dir='ltr'>an</span> <span class='ocrx_word' id='word_1_303' title='bbox 304 2111 550 2145; x_wconf 72' lang='lat' dir='ltr'>militarischen</span> <span class='ocrx_word' id='word_1_304' title='bbox 576 2111 790 2145; x_wconf 84' lang='lat' dir='ltr'>Scharsblick</span> <span class='ocrx_word' id='word_1_305' title='bbox 815 2122 848 2144; x_wconf 90' lang='lat' dir='ltr'>u.</span> 
     </span>
     <span class='ocr_line' id='line_1_40' title="bbox 152 2157 848 2201; baseline 0.001 -10"><span class='ocrx_word' id='word_1_306' title='bbox 152 2157 299 2201; x_wconf 84' lang='lat' dir='ltr'>Energie</span> <span class='ocrx_word' id='word_1_307' title='bbox 323 2157 477 2201; x_wconf 83' lang='lat' dir='ltr'>getadelt</span> <span class='ocrx_word' id='word_1_308' title='bbox 501 2157 630 2199; x_wconf 72' lang='lat' dir='ltr'>hatten,</span> <span class='ocrx_word' id='word_1_309' title='bbox 657 2167 683 2190; x_wconf 91' lang='lat' dir='ltr'>s.</span> <span class='ocrx_word' id='word_1_310' title='bbox 712 2159 764 2195; x_wconf 80' lang='grc'>31,</span> <span class='ocrx_word' id='word_1_311' title='bbox 794 2159 848 2199; x_wconf 79' lang='grc'>38,</span> 
     </span>
     <span class='ocr_line' id='line_1_41' title="bbox 156 2202 849 2247; baseline -0.004 -9"><span class='ocrx_word' id='word_1_312' title='bbox 156 2206 190 2243; x_wconf 85' lang='grc'>1;</span> <span class='ocrx_word' id='word_1_313' title='bbox 217 2206 272 2247; x_wconf 79' lang='grc'>44,</span> <span class='ocrx_word' id='word_1_314' title='bbox 300 2205 332 2245; x_wconf 93' lang='grc'>5,</span> <span class='ocrx_word' id='word_1_315' title='bbox 359 2205 397 2242; x_wconf 82' lang='lat' dir='ltr'>S;</span> <span class='ocrx_word' id='word_1_316' title='bbox 436 2202 558 2236; x_wconf 83' lang='lat' dir='ltr'>anders</span> <span class='ocrx_word' id='word_1_317' title='bbox 590 2203 684 2247; x_wconf 82' lang='lat' dir='ltr'>hatte</span> <span class='ocrx_word' id='word_1_318' title='bbox 719 2203 849 2247; x_wconf 87' lang='lat' dir='ltr'>Philip-</span> 
     </span>
     <span class='ocr_line' id='line_1_42' title="bbox 152 2249 850 2295; baseline 0 -12"><span class='ocrx_word' id='word_1_319' title='bbox 152 2260 220 2295; x_wconf 88' lang='lat' dir='ltr'>pus</span> <span class='ocrx_word' id='word_1_320' title='bbox 244 2249 453 2294; x_wconf 82' lang='lat' dir='ltr'>gehandelt,</span> <span class='ocrx_word' id='word_1_321' title='bbox 478 2260 505 2284; x_wconf 88' lang='lat' dir='ltr'>s.</span> <span class='ocrx_word' id='word_1_322' title='bbox 531 2251 586 2290; x_wconf 90' lang='lat'>32,</span> <span class='ocrx_word' id='word_1_323' title='bbox 615 2252 644 2283; x_wconf 83' lang='lat'>5.</span> <span class='ocrx_word' id='word_1_324' title='bbox 670 2269 714 2273; x_wconf 98' lang='lat'><strong>—</strong></span> <span class='ocrx_word' id='word_1_325' title='bbox 739 2250 850 2290; x_wconf 79' lang='lat' dir='ltr'>fuisse</span> 
     </span>
     <span class='ocr_line' id='line_1_43' title="bbox 151 2296 849 2340; baseline -0.001 -11"><span class='ocrx_word' id='word_1_326' title='bbox 151 2307 266 2340; x_wconf 75' lang='lat' dir='ltr'>pugn.</span> <span class='ocrx_word' id='word_1_327' title='bbox 301 2296 390 2330; x_wconf 86' lang='lat' dir='ltr'>ohne</span> <span class='ocrx_word' id='word_1_328' title='bbox 424 2307 476 2338; x_wconf 78' lang='lat' dir='ltr'>se,</span> <span class='ocrx_word' id='word_1_329' title='bbox 509 2306 536 2329; x_wconf 90' lang='lat' dir='ltr'>s.</span> <span class='ocrx_word' id='word_1_330' title='bbox 572 2299 626 2334; x_wconf 75' lang='grc'>41,</span> <span class='ocrx_word' id='word_1_331' title='bbox 662 2298 712 2337; x_wconf 91' lang='grc'>10,</span> <span class='ocrx_word' id='word_1_332' title='bbox 748 2298 778 2329; x_wconf 79' lang='lat'>7.</span> <span class='ocrx_word' id='word_1_333' title='bbox 805 2317 849 2320; x_wconf 96' lang='lat'><strong>—</strong></span> 
     </span>
     <span class='ocr_line' id='line_1_44' title="bbox 149 2342 847 2386; baseline 0.003 -11"><span class='ocrx_word' id='word_1_334' title='bbox 149 2343 263 2385; x_wconf 81' lang='lat' dir='ltr'>gaud.</span> <span class='ocrx_word' id='word_1_335' title='bbox 279 2342 400 2375; x_wconf 77' lang='lat' dir='ltr'>—salt.</span> <span class='ocrx_word' id='word_1_336' title='bbox 420 2353 512 2386; x_wconf 62' lang='lat' dir='ltr'>sup„</span> <span class='ocrx_word' id='word_1_337' title='bbox 537 2352 564 2376; x_wconf 89' lang='lat' dir='ltr'>s.</span> <span class='ocrx_word' id='word_1_338' title='bbox 591 2344 646 2383; x_wconf 82' lang='grc'>39,</span> <span class='ocrx_word' id='word_1_339' title='bbox 673 2344 727 2382; x_wconf 86' lang='grc'>50,</span> <span class='ocrx_word' id='word_1_340' title='bbox 752 2344 788 2381; x_wconf 86' lang='grc'>9;</span> <span class='ocrx_word' id='word_1_341' title='bbox 816 2346 847 2384; x_wconf 88' lang='lat'>5,</span> 
     </span>
     <span class='ocr_line' id='line_1_45' title="bbox 153 2390 683 2430; baseline -0.002 -8"><span class='ocrx_word' id='word_1_342' title='bbox 153 2390 209 2430; x_wconf 85' lang='lat'>33,</span> <span class='ocrx_word' id='word_1_343' title='bbox 235 2391 272 2423; x_wconf 90' lang='lat'>3:</span> <span class='ocrx_word' id='word_1_344' title='bbox 299 2391 379 2430; x_wconf 79' lang='grc' dir='ltr'>ἰ)·α,·</span> <span class='ocrx_word' id='word_1_345' title='bbox 405 2391 460 2430; x_wconf 85' lang='grc'>40,</span> <span class='ocrx_word' id='word_1_346' title='bbox 487 2391 520 2430; x_wconf 79' lang='lat'>7,</span> <span class='ocrx_word' id='word_1_347' title='bbox 546 2391 566 2422; x_wconf 90' lang='grc'><strong>6</strong></span> <span class='ocrx_word' id='word_1_348' title='bbox 593 2399 626 2421; x_wconf 92' lang='lat' dir='ltr'>u.</span> <span class='ocrx_word' id='word_1_349' title='bbox 652 2398 683 2421; x_wconf 90' lang='grc' dir='ltr'>ο.</span> 
     </span>
    </p>

    <p class='ocr_par' dir='ltr' id='par_1_11' title="bbox 149 2434 847 2663">
     <span class='ocr_line' id='line_1_46' title="bbox 200 2434 847 2479; baseline 0.002 -11"><span class='ocrx_word' id='word_1_350' title='bbox 200 2437 300 2469; x_wconf 84' lang='lat'>5—6.</span> <span class='ocrx_word' id='word_1_351' title='bbox 327 2435 472 2475; x_wconf 75' lang='lat' dir='ltr'>consul,</span> <span class='ocrx_word' id='word_1_352' title='bbox 508 2434 562 2468; x_wconf 89' lang='lat' dir='ltr'>die</span> <span class='ocrx_word' id='word_1_353' title='bbox 587 2434 746 2479; x_wconf 83' lang='lat' dir='ltr'>Stellung</span> <span class='ocrx_word' id='word_1_354' title='bbox 781 2436 847 2469; x_wconf 84' lang='lat' dir='ltr'>wie</span> 
     </span>
     <span class='ocr_line' id='line_1_47' title="bbox 151 2480 846 2524; baseline 0 -9"><span class='ocrx_word' id='word_1_355' title='bbox 151 2483 184 2521; x_wconf 88' lang='lat'>4,</span> <span class='ocrx_word' id='word_1_356' title='bbox 212 2483 267 2521; x_wconf 78' lang='lat'>49,</span> <span class='ocrx_word' id='word_1_357' title='bbox 293 2483 328 2519; x_wconf 71' lang='lat'>7:</span> <span class='ocrx_word' id='word_1_358' title='bbox 354 2483 527 2524; x_wconf 80' lang='lat'>21,31,9.</span> <span class='ocrx_word' id='word_1_359' title='bbox 555 2501 598 2506; x_wconf 77' lang='lat'><em>—</em></span> <span class='ocrx_word' id='word_1_360' title='bbox 625 2480 734 2521; x_wconf 76' lang='lat' dir='ltr'>frum.</span> <span class='ocrx_word' id='word_1_361' title='bbox 750 2482 846 2522; x_wconf 83' lang='lat' dir='ltr'>dato,</span> 
     </span>
     <span class='ocr_line' id='line_1_48' title="bbox 152 2526 846 2570; baseline -0.001 -10"><span class='ocrx_word' id='word_1_362' title='bbox 152 2526 248 2560; x_wconf 82' lang='lat' dir='ltr'>Caes.</span> <span class='ocrx_word' id='word_1_363' title='bbox 274 2527 312 2560; x_wconf 90' lang='grc' dir='ltr'>Β.</span> <span class='ocrx_word' id='word_1_364' title='bbox 338 2527 375 2561; x_wconf 93' lang='lat' dir='ltr'>G.</span> <span class='ocrx_word' id='word_1_365' title='bbox 405 2530 434 2570; x_wconf 91' lang='lat'>1,</span> <span class='ocrx_word' id='word_1_366' title='bbox 472 2530 523 2569; x_wconf 79' lang='lat'>16,</span> <span class='ocrx_word' id='word_1_367' title='bbox 552 2530 590 2562; x_wconf 85' lang='lat'>5:</span> <span class='ocrx_word' id='word_1_368' title='bbox 624 2527 846 2567; x_wconf 77' lang='lat' dir='ltr'>frumentum</span> 
     </span>
     <span class='ocr_line' id='line_1_49' title="bbox 151 2573 846 2617; baseline 0.004 -12"><span class='ocrx_word' id='word_1_369' title='bbox 151 2573 263 2606; x_wconf 73' lang='lat' dir='ltr'>militi</span> <span class='ocrx_word' id='word_1_370' title='bbox 293 2576 436 2615; x_wconf 44' lang='lat' dir='ltr'>meliri]</span> <span class='ocrx_word' id='word_1_371' title='bbox 469 2573 574 2617; x_wconf 84' lang='lat' dir='ltr'>Marq.</span> <span class='ocrx_word' id='word_1_372' title='bbox 606 2576 637 2615; x_wconf 86' lang='lat'>3,</span> <span class='ocrx_word' id='word_1_373' title='bbox 666 2576 697 2615; x_wconf 87' lang='lat'>2,</span> <span class='ocrx_word' id='word_1_374' title='bbox 724 2576 777 2608; x_wconf 80' lang='lat'>75.</span> <span class='ocrx_word' id='word_1_375' title='bbox 804 2594 846 2598; x_wconf 86' lang='lat'>—-</span> 
     </span>
     <span class='ocr_line' id='line_1_50' title="bbox 149 2619 846 2663; baseline 0.001 -11"><span class='ocrx_word' id='word_1_376' title='bbox 149 2621 295 2661; x_wconf 62' lang='lat' dir='ltr'>soc-ior„</span> <span class='ocrx_word' id='word_1_377' title='bbox 322 2620 382 2654; x_wconf 85' lang='lat' dir='ltr'>der</span> <span class='ocrx_word' id='word_1_378' title='bbox 396 2619 589 2654; x_wconf 85' lang='lat' dir='ltr'>Thessaler.</span> <span class='ocrx_word' id='word_1_379' title='bbox 615 2639 661 2644; x_wconf 92' lang='lat'>—</span> <span class='ocrx_word' id='word_1_380' title='bbox 686 2619 846 2663; x_wconf 78' lang='lat' dir='ltr'>Scaeam,</span> 
     </span>
    </p>
   </div>
   <div class='ocr_carea' id='block_1_11' title="bbox 918 1649 1622 2664">
    <p class='ocr_par' dir='ltr' id='par_1_12' title="bbox 921 1649 1622 1971">
     <span class='ocr_line' id='line_1_51' title="bbox 926 1649 1622 1694; baseline 0.003 -13"><span class='ocrx_word' id='word_1_381' title='bbox 926 1649 1011 1681; x_wconf 67' lang='lat' dir='ltr'>nach</span> <span class='ocrx_word' id='word_1_382' title='bbox 1039 1660 1066 1681; x_wconf 84' lang='lat' dir='ltr'>c.</span> <span class='ocrx_word' id='word_1_383' title='bbox 1095 1651 1149 1689; x_wconf 76' lang='lat'>60,</span> <span class='ocrx_word' id='word_1_384' title='bbox 1177 1651 1207 1690; x_wconf 76' lang='lat'>3,</span> <span class='ocrx_word' id='word_1_385' title='bbox 1233 1649 1302 1693; x_wconf 76' lang='lat' dir='ltr'>vgl.</span> <span class='ocrx_word' id='word_1_386' title='bbox 1319 1652 1458 1692; x_wconf 66' lang='grc' dir='ltr'>(-.61,τ.</span> <span class='ocrx_word' id='word_1_387' title='bbox 1484 1650 1542 1694; x_wconf 81' lang='lat' dir='ltr'>lag</span> <span class='ocrx_word' id='word_1_388' title='bbox 1562 1650 1622 1684; x_wconf 88' lang='lat' dir='ltr'>der</span> 
     </span>
     <span class='ocr_line' id='line_1_52' title="bbox 926 1695 1621 1730; baseline 0.003 -2"><span class='ocrx_word' id='word_1_389' title='bbox 926 1695 985 1728; x_wconf 79' lang='lat' dir='ltr'>Ort</span> <span class='ocrx_word' id='word_1_390' title='bbox 1020 1696 1085 1727; x_wconf 83' lang='lat' dir='ltr'>wie</span> <span class='ocrx_word' id='word_1_391' title='bbox 1110 1696 1221 1729; x_wconf 86' lang='lat' dir='ltr'>Larisa</span> <span class='ocrx_word' id='word_1_392' title='bbox 1257 1696 1365 1729; x_wconf 72' lang='lat' dir='ltr'>selbst</span> <span class='ocrx_word' id='word_1_393' title='bbox 1396 1706 1448 1728; x_wconf 86' lang='lat' dir='ltr'>am</span> <span class='ocrx_word' id='word_1_394' title='bbox 1482 1696 1621 1730; x_wconf 82' lang='lat' dir='ltr'>rechten</span> 
     </span>
     <span class='ocr_line' id='line_1_53' title="bbox 925 1741 1621 1783; baseline 0.004 -10"><span class='ocrx_word' id='word_1_395' title='bbox 925 1741 1006 1774; x_wconf 78' lang='lat' dir='ltr'>[fer</span> <span class='ocrx_word' id='word_1_396' title='bbox 1019 1741 1078 1775; x_wconf 83' lang='lat' dir='ltr'>des</span> <span class='ocrx_word' id='word_1_397' title='bbox 1094 1742 1245 1779; x_wconf 45' lang='lat' dir='ltr'>Peneum</span> <span class='ocrx_word' id='word_1_398' title='bbox 1274 1753 1307 1775; x_wconf 83' lang='lat' dir='ltr'>er</span> <span class='ocrx_word' id='word_1_399' title='bbox 1322 1742 1405 1775; x_wconf 65' lang='lat' dir='ltr'>xvii-d</span> <span class='ocrx_word' id='word_1_400' title='bbox 1421 1748 1528 1783; x_wconf 70' lang='lat' dir='ltr'>sonst.</span> <span class='ocrx_word' id='word_1_401' title='bbox 1557 1744 1621 1776; x_wconf 81' lang='lat' dir='ltr'>wie</span> 
     </span>
     <span class='ocr_line' id='line_1_54' title="bbox 925 1788 1621 1829; baseline 0.003 -9"><span class='ocrx_word' id='word_1_402' title='bbox 925 1798 960 1820; x_wconf 80' lang='lat' dir='ltr'>es</span> <span class='ocrx_word' id='word_1_403' title='bbox 975 1788 1121 1829; x_wconf 58' lang='lat' dir='ltr'>schmitt,</span> <span class='ocrx_word' id='word_1_404' title='bbox 1148 1788 1241 1821; x_wconf 77' lang='lat' dir='ltr'>nieht</span> <span class='ocrx_word' id='word_1_405' title='bbox 1262 1789 1428 1829; x_wconf 66' lang='lat' dir='ltr'>erwfihnt,</span> <span class='ocrx_word' id='word_1_406' title='bbox 1454 1799 1527 1822; x_wconf 83' lang='lat' dir='ltr'>war</span> <span class='ocrx_word' id='word_1_407' title='bbox 1541 1789 1621 1823; x_wconf 88' lang='lat' dir='ltr'>aber</span> 
     </span>
     <span class='ocr_line' id='line_1_55' title="bbox 924 1834 1620 1869; baseline 0.006 -4"><span class='ocrx_word' id='word_1_408' title='bbox 924 1834 1149 1868; x_wconf 70' lang='lat' dir='ltr'>verschieden</span> <span class='ocrx_word' id='word_1_409' title='bbox 1175 1846 1241 1868; x_wconf 84' lang='lat' dir='ltr'>von</span> <span class='ocrx_word' id='word_1_410' title='bbox 1268 1835 1327 1868; x_wconf 84' lang='lat' dir='ltr'>der</span> <span class='ocrx_word' id='word_1_411' title='bbox 1352 1838 1436 1868; x_wconf 79' lang='lat' dir='ltr'>c.53</span> <span class='ocrx_word' id='word_1_412' title='bbox 1464 1835 1620 1869; x_wconf 71' lang='lat' dir='ltr'>erwahn-</span> 
     </span>
     <span class='ocr_line' id='line_1_56' title="bbox 924 1880 1620 1925; baseline 0.003 -12"><span class='ocrx_word' id='word_1_413' title='bbox 924 1885 981 1913; x_wconf 85' lang='lat' dir='ltr'>ten</span> <span class='ocrx_word' id='word_1_414' title='bbox 1008 1880 1174 1925; x_wconf 84' lang='lat' dir='ltr'>Tripolis.</span> <span class='ocrx_word' id='word_1_415' title='bbox 1202 1881 1267 1914; x_wconf 82' lang='lat' dir='ltr'>wie</span> <span class='ocrx_word' id='word_1_416' title='bbox 1293 1881 1347 1914; x_wconf 85' lang='lat' dir='ltr'>die</span> <span class='ocrx_word' id='word_1_417' title='bbox 1372 1881 1512 1925; x_wconf 80' lang='lat' dir='ltr'>geringe</span> <span class='ocrx_word' id='word_1_418' title='bbox 1539 1882 1620 1915; x_wconf 81' lang='lat' dir='ltr'>Ent-</span> 
     </span>
     <span class='ocr_line' id='line_1_57' title="bbox 921 1926 1443 1971; baseline 0.002 -12"><span class='ocrx_word' id='word_1_419' title='bbox 921 1926 1065 1970; x_wconf 79' lang='lat' dir='ltr'>sernung</span> <span class='ocrx_word' id='word_1_420' title='bbox 1090 1938 1158 1960; x_wconf 81' lang='lat' dir='ltr'>von</span> <span class='ocrx_word' id='word_1_421' title='bbox 1184 1928 1315 1961; x_wconf 86' lang='lat' dir='ltr'>Larissa</span> <span class='ocrx_word' id='word_1_422' title='bbox 1342 1929 1443 1971; x_wconf 84' lang='lat' dir='ltr'>zeigt.</span> 
     </span>
    </p>

    <p class='ocr_par' dir='ltr' id='par_1_13' title="bbox 918 1974 1618 2664">
     <span class='ocr_line' id='line_1_58' title="bbox 970 1974 1617 2015; baseline -0.002 -8"><span class='ocrx_word' id='word_1_423' title='bbox 970 1976 1093 2007; x_wconf 75' lang='lat'>7—10.</span> <span class='ocrx_word' id='word_1_424' title='bbox 1120 1975 1251 2013; x_wconf 62' lang='lat' dir='ltr'>nat-ib„</span> <span class='ocrx_word' id='word_1_425' title='bbox 1267 1976 1392 2015; x_wconf 74' lang='lat'>35,39‚</span> <span class='ocrx_word' id='word_1_426' title='bbox 1410 1978 1437 2007; x_wconf 84' lang='lat'>1.</span> <span class='ocrx_word' id='word_1_427' title='bbox 1453 1994 1497 1998; x_wconf 88' lang='lat'>——</span> <span class='ocrx_word' id='word_1_428' title='bbox 1513 1974 1617 2007; x_wconf 78' lang='lat' dir='ltr'>Chal-</span> 
     </span>
     <span class='ocr_line' id='line_1_59' title="bbox 922 2019 1618 2061; baseline 0.003 -10"><span class='ocrx_word' id='word_1_429' title='bbox 922 2020 1012 2061; x_wconf 76' lang='lat' dir='ltr'>cide,</span> <span class='ocrx_word' id='word_1_430' title='bbox 1038 2030 1063 2054; x_wconf 91' lang='lat' dir='ltr'>s.</span> <span class='ocrx_word' id='word_1_431' title='bbox 1091 2031 1119 2053; x_wconf 83' lang='lat' dir='ltr'>c.</span> <span class='ocrx_word' id='word_1_432' title='bbox 1146 2023 1199 2059; x_wconf 70' lang='lat'>44,</span> <span class='ocrx_word' id='word_1_433' title='bbox 1228 2023 1266 2053; x_wconf 78' lang='lat' dir='ltr'>T:</span> <span class='ocrx_word' id='word_1_434' title='bbox 1302 2021 1357 2054; x_wconf 73' lang='lat' dir='ltr'>sih.</span> <span class='ocrx_word' id='word_1_435' title='bbox 1385 2019 1439 2052; x_wconf 84' lang='lat' dir='ltr'>die</span> <span class='ocrx_word' id='word_1_436' title='bbox 1467 2019 1618 2053; x_wconf 78' lang='lat' dir='ltr'>wieder-</span> 
     </span>
     <span class='ocr_line' id='line_1_60' title="bbox 922 2065 1616 2109; baseline 0.003 -11"><span class='ocrx_word' id='word_1_437' title='bbox 922 2065 1053 2109; x_wconf 82' lang='lat' dir='ltr'>holung</span> <span class='ocrx_word' id='word_1_438' title='bbox 1077 2066 1137 2099; x_wconf 86' lang='lat' dir='ltr'>des</span> <span class='ocrx_word' id='word_1_439' title='bbox 1163 2066 1216 2099; x_wconf 88' lang='lat' dir='ltr'>W.</span> <span class='ocrx_word' id='word_1_440' title='bbox 1251 2077 1279 2099; x_wconf 88' lang='lat' dir='ltr'>s.</span> <span class='ocrx_word' id='word_1_441' title='bbox 1305 2077 1334 2100; x_wconf 87' lang='lat' dir='ltr'>c.</span> <span class='ocrx_word' id='word_1_442' title='bbox 1361 2069 1416 2107; x_wconf 71' lang='lat'>43,</span> <span class='ocrx_word' id='word_1_443' title='bbox 1446 2069 1480 2105; x_wconf 71' lang='grc' dir='ltr'>ῖς</span> <span class='ocrx_word' id='word_1_444' title='bbox 1514 2076 1556 2099; x_wconf 87' lang='lat' dir='ltr'>an</span> <span class='ocrx_word' id='word_1_445' title='bbox 1583 2077 1616 2100; x_wconf 87' lang='lat' dir='ltr'>u.</span> 
     </span>
     <span class='ocr_line' id='line_1_61' title="bbox 922 2111 1618 2146; baseline 0.001 -1"><span class='ocrx_word' id='word_1_446' title='bbox 922 2111 971 2145; x_wconf 71' lang='lat' dir='ltr'>St.</span> <span class='ocrx_word' id='word_1_447' title='bbox 1000 2112 1130 2146; x_wconf 75' lang='lat' dir='ltr'>konnte</span> <span class='ocrx_word' id='word_1_448' title='bbox 1156 2123 1233 2145; x_wconf 81' lang='lat' dir='ltr'>man</span> <span class='ocrx_word' id='word_1_449' title='bbox 1262 2125 1282 2144; x_wconf 77' lang='lat' dir='ltr'>a</span> <span class='ocrx_word' id='word_1_450' title='bbox 1300 2113 1468 2145; x_wconf 65' lang='lat' dir='ltr'>Chalcide</span> <span class='ocrx_word' id='word_1_451' title='bbox 1495 2123 1618 2146; x_wconf 82' lang='lat' dir='ltr'>erwar-</span> 
     </span>
     <span class='ocr_line' id='line_1_62' title="bbox 921 2158 1615 2202; baseline 0.003 -12"><span class='ocrx_word' id='word_1_452' title='bbox 921 2163 990 2199; x_wconf 77' lang='lat' dir='ltr'>ten,</span> <span class='ocrx_word' id='word_1_453' title='bbox 1018 2158 1103 2192; x_wconf 76' lang='lat' dir='ltr'>doeh</span> <span class='ocrx_word' id='word_1_454' title='bbox 1131 2169 1157 2192; x_wconf 88' lang='lat' dir='ltr'>s.</span> <span class='ocrx_word' id='word_1_455' title='bbox 1185 2170 1212 2191; x_wconf 81' lang='lat' dir='ltr'>c.</span> <span class='ocrx_word' id='word_1_456' title='bbox 1240 2162 1294 2200; x_wconf 69' lang='lat'>56,</span> <span class='ocrx_word' id='word_1_457' title='bbox 1322 2164 1352 2197; x_wconf 67' lang='lat' dir='ltr'>ti,</span> <span class='ocrx_word' id='word_1_458' title='bbox 1379 2170 1418 2192; x_wconf 88' lang='lat' dir='ltr'>zu</span> <span class='ocrx_word' id='word_1_459' title='bbox 1443 2161 1615 2202; x_wconf 71' lang='lat'>24‚1‘.›,5.</span> 
     </span>
     <span class='ocr_line' id='line_1_63' title="bbox 921 2205 1616 2249; baseline 0.003 -13"><span class='ocrx_word' id='word_1_460' title='bbox 921 2224 965 2228; x_wconf 81' lang='lat'>——</span> <span class='ocrx_word' id='word_1_461' title='bbox 991 2216 1156 2248; x_wconf 64' lang='lat' dir='ltr'>swenstos.</span> <span class='ocrx_word' id='word_1_462' title='bbox 1185 2205 1274 2239; x_wconf 86' lang='lat' dir='ltr'>ohne</span> <span class='ocrx_word' id='word_1_463' title='bbox 1296 2210 1355 2238; x_wconf 56' lang='grc' dir='ltr'>νεῖ,</span> <span class='ocrx_word' id='word_1_464' title='bbox 1383 2206 1447 2237; x_wconf 64' lang='lat' dir='ltr'>wie</span> <span class='ocrx_word' id='word_1_465' title='bbox 1462 2205 1506 2237; x_wconf 87' lang='lat' dir='ltr'>im</span> <span class='ocrx_word' id='word_1_466' title='bbox 1523 2205 1616 2249; x_wconf 81' lang='lat' dir='ltr'>Folg.</span> 
     </span>
     <span class='ocr_line' id='line_1_64' title="bbox 925 2251 1617 2294; baseline 0 -11"><span class='ocrx_word' id='word_1_467' title='bbox 925 2251 1101 2292; x_wconf 63' lang='lat' dir='ltr'>(7(l(!?l{¹ltl7</span> <span class='ocrx_word' id='word_1_468' title='bbox 1137 2263 1163 2285; x_wconf 90' lang='lat' dir='ltr'>s.</span> <span class='ocrx_word' id='word_1_469' title='bbox 1199 2262 1227 2284; x_wconf 86' lang='lat' dir='ltr'>e.</span> <span class='ocrx_word' id='word_1_470' title='bbox 1262 2254 1316 2293; x_wconf 73' lang='lat'>37,</span> <span class='ocrx_word' id='word_1_471' title='bbox 1343 2254 1374 2285; x_wconf 85' lang='lat'>2.</span> <span class='ocrx_word' id='word_1_472' title='bbox 1408 2271 1451 2274; x_wconf 87' lang='lat'>—</span> <span class='ocrx_word' id='word_1_473' title='bbox 1485 2252 1617 2294; x_wconf 77' lang='lat' dir='ltr'>eodem,</span> 
     </span>
     <span class='ocr_line' id='line_1_65' title="bbox 922 2297 1617 2341; baseline 0.001 -12"><span class='ocrx_word' id='word_1_474' title='bbox 922 2298 955 2330; x_wconf 87' lang='lat' dir='ltr'>in</span> <span class='ocrx_word' id='word_1_475' title='bbox 982 2297 1043 2331; x_wconf 87' lang='lat' dir='ltr'>das</span> <span class='ocrx_word' id='word_1_476' title='bbox 1068 2300 1153 2331; x_wconf 72' lang='lat' dir='ltr'>rom.</span> <span class='ocrx_word' id='word_1_477' title='bbox 1178 2297 1297 2341; x_wconf 78' lang='lat' dir='ltr'>Lager,</span> <span class='ocrx_word' id='word_1_478' title='bbox 1322 2297 1447 2331; x_wconf 67' lang='lat' dir='ltr'>x-orher</span> <span class='ocrx_word' id='word_1_479' title='bbox 1473 2298 1521 2330; x_wconf 77' lang='lat' dir='ltr'>ad</span> <span class='ocrx_word' id='word_1_480' title='bbox 1535 2308 1617 2330; x_wconf 84' lang='lat' dir='ltr'>eon-</span> 
     </span>
     <span class='ocr_line' id='line_1_66' title="bbox 921 2344 1617 2378; baseline 0.003 -4"><span class='ocrx_word' id='word_1_481' title='bbox 921 2344 1043 2378; x_wconf 70' lang='lat' dir='ltr'>sulem.</span> <span class='ocrx_word' id='word_1_482' title='bbox 1080 2364 1121 2368; x_wconf 77' lang='lat'>—</span> <span class='ocrx_word' id='word_1_483' title='bbox 1157 2345 1271 2377; x_wconf 72' lang='lat' dir='ltr'>Aetol.</span> <span class='ocrx_word' id='word_1_484' title='bbox 1300 2355 1366 2377; x_wconf 81' lang='lat' dir='ltr'>von</span> <span class='ocrx_word' id='word_1_485' title='bbox 1394 2344 1474 2376; x_wconf 77' lang='lat' dir='ltr'>alae</span> <span class='ocrx_word' id='word_1_486' title='bbox 1500 2346 1617 2377; x_wconf 79' lang='lat' dir='ltr'>instar</span> 
     </span>
     <span class='ocr_line' id='line_1_67' title="bbox 920 2390 1617 2434; baseline -0.001 -10"><span class='ocrx_word' id='word_1_487' title='bbox 920 2390 1106 2434; x_wconf 74' lang='lat' dir='ltr'>abhangig,</span> <span class='ocrx_word' id='word_1_488' title='bbox 1133 2401 1160 2423; x_wconf 89' lang='lat' dir='ltr'>s.</span> <span class='ocrx_word' id='word_1_489' title='bbox 1188 2393 1242 2431; x_wconf 83' lang='grc'>26,</span> <span class='ocrx_word' id='word_1_490' title='bbox 1267 2391 1322 2431; x_wconf 74' lang='grc'>28,</span> <span class='ocrx_word' id='word_1_491' title='bbox 1353 2393 1412 2427; x_wconf 84' lang='grc'>11;</span> <span class='ocrx_word' id='word_1_492' title='bbox 1439 2400 1475 2424; x_wconf 85' lang='lat' dir='ltr'>es</span> <span class='ocrx_word' id='word_1_493' title='bbox 1501 2399 1617 2424; x_wconf 87' lang='lat' dir='ltr'>waren</span> 
     </span>
     <span class='ocr_line' id='line_1_68' title="bbox 919 2436 1616 2480; baseline 0.004 -12"><span class='ocrx_word' id='word_1_494' title='bbox 919 2437 992 2469; x_wconf 86' lang='lat' dir='ltr'>also</span> <span class='ocrx_word' id='word_1_495' title='bbox 1019 2441 1108 2470; x_wconf 86' lang='lat' dir='ltr'>etwa</span> <span class='ocrx_word' id='word_1_496' title='bbox 1137 2439 1213 2477; x_wconf 88' lang='grc'>500,</span> <span class='ocrx_word' id='word_1_497' title='bbox 1248 2436 1316 2480; x_wconf 76' lang='lat' dir='ltr'>vgl.</span> <span class='ocrx_word' id='word_1_498' title='bbox 1345 2438 1405 2476; x_wconf 87' lang='lat'>33,</span> <span class='ocrx_word' id='word_1_499' title='bbox 1433 2438 1470 2474; x_wconf 82' lang='lat'>3,</span> <span class='ocrx_word' id='word_1_500' title='bbox 1496 2438 1532 2474; x_wconf 83' lang='lat'>9;</span> <span class='ocrx_word' id='word_1_501' title='bbox 1559 2439 1616 2479; x_wconf 87' lang='grc'>43,</span> 
     </span>
     <span class='ocr_line' id='line_1_69' title="bbox 921 2482 1616 2524; baseline 0 -8"><span class='ocrx_word' id='word_1_502' title='bbox 921 2484 976 2523; x_wconf 88' lang='grc'>22,</span> <span class='ocrx_word' id='word_1_503' title='bbox 1006 2486 1040 2520; x_wconf 74' lang='grc' dir='ltr'>Ις</span> <span class='ocrx_word' id='word_1_504' title='bbox 1067 2483 1174 2516; x_wconf 80' lang='lat' dir='ltr'>durch</span> <span class='ocrx_word' id='word_1_505' title='bbox 1201 2482 1255 2515; x_wconf 88' lang='lat' dir='ltr'>die</span> <span class='ocrx_word' id='word_1_506' title='bbox 1280 2485 1335 2523; x_wconf 74' lang='lat'>41,</span> <span class='ocrx_word' id='word_1_507' title='bbox 1363 2484 1424 2520; x_wconf 84' lang='grc'>25;</span> <span class='ocrx_word' id='word_1_508' title='bbox 1452 2484 1542 2524; x_wconf 71' lang='lat'>42,5</span> <span class='ocrx_word' id='word_1_509' title='bbox 1566 2492 1616 2516; x_wconf 84' lang='lat' dir='ltr'>er-</span> 
     </span>
     <span class='ocr_line' id='line_1_70' title="bbox 919 2528 1616 2562; baseline 0.001 -1"><span class='ocrx_word' id='word_1_510' title='bbox 919 2528 1080 2562; x_wconf 72' lang='lat' dir='ltr'>walmten</span> <span class='ocrx_word' id='word_1_511' title='bbox 1108 2528 1340 2562; x_wconf 73' lang='lat' dir='ltr'>Verhaltnisse</span> <span class='ocrx_word' id='word_1_512' title='bbox 1368 2528 1410 2562; x_wconf 85' lang='lat' dir='ltr'>ist</span> <span class='ocrx_word' id='word_1_513' title='bbox 1438 2528 1499 2562; x_wconf 88' lang='lat' dir='ltr'>das</span> <span class='ocrx_word' id='word_1_514' title='bbox 1526 2528 1616 2562; x_wconf 88' lang='lat' dir='ltr'>Volk</span> 
     </span>
     <span class='ocr_line' id='line_1_71' title="bbox 919 2574 1616 2617; baseline 0.001 -10"><span class='ocrx_word' id='word_1_515' title='bbox 919 2574 1151 2617; x_wconf 71' lang='lat' dir='ltr'>geschwiicht.</span> <span class='ocrx_word' id='word_1_516' title='bbox 1177 2594 1219 2598; x_wconf 92' lang='lat'>——</span> <span class='ocrx_word' id='word_1_517' title='bbox 1233 2578 1411 2617; x_wconf 71' lang='lat' dir='ltr'>speratus,</span> <span class='ocrx_word' id='word_1_518' title='bbox 1437 2574 1523 2608; x_wconf 85' lang='lat' dir='ltr'>nach</span> <span class='ocrx_word' id='word_1_519' title='bbox 1538 2574 1616 2608; x_wconf 91' lang='lat' dir='ltr'>dem</span> 
     </span>
     <span class='ocr_line' id='line_1_72' title="bbox 918 2620 1616 2664; baseline 0.001 -11"><span class='ocrx_word' id='word_1_520' title='bbox 918 2620 1126 2655; x_wconf 80' lang='lat' dir='ltr'>Beschlusse</span> <span class='ocrx_word' id='word_1_521' title='bbox 1142 2623 1286 2664; x_wconf 73' lang='lat' dir='ltr'>c.3s‚7.</span> <span class='ocrx_word' id='word_1_522' title='bbox 1311 2642 1356 2646; x_wconf 94' lang='lat'>—</span> <span class='ocrx_word' id='word_1_523' title='bbox 1386 2625 1470 2656; x_wconf 77' lang='lat' dir='ltr'>trec.</span> <span class='ocrx_word' id='word_1_524' title='bbox 1485 2621 1616 2655; x_wconf 88' lang='lat' dir='ltr'>stimmt</span> 
     </span>
    </p>
   </div>
  </div>
 </body>
</html>
