1747 2844
872 18 879 35 i

226 69 305 108 160
630 69 755 102 LIBER
779 69 938 103 xxxxii.
987 68 1081 103 CAP.
1107 71 1162 104 61.
1190 73 1244 105 62.

1509 89 1534 108 a.
1553 89 1581 109 u.
1599 82 1660 109 583.

223 188 314 226 inde
335 186 592 237 imperatores
623 192 780 233 creant;
810 185 953 224 horum
974 185 1097 237 spolia
1127 185 1246 238 paulo
1268 192 1358 226 ante
1379 186 1580 226 divisimus
1599 187 1661 226 in-

182 251 202 283 6
223 251 282 284 ter
300 256 381 282 vos.
438 254 508 280 nec
529 242 723 281 minorem
755 243 800 281 de
823 241 1046 293 legionibus
1076 243 1251 294 peditum
1272 243 1474 283 victoriam
1495 243 1660 292 habetis,

225 313 323 353 quae
355 304 549 338 nocturna
584 299 674 350 fuga
705 299 814 338 vobis
846 299 1064 338 subtractae
1088 300 1367 351 naufragorum
1399 299 1662 353 trepidatione

182 368 200 399 7
223 358 365 412 passim
397 356 612 396 natantium
644 356 793 395 flumen
825 355 1123 408 conpleverunt.
1175 358 1241 396 sed
1272 358 1425 398 facilius
1456 357 1572 397 nobis
1601 369 1662 396 se-

224 414 437 468 quentibus
459 414 579 453 victos
600 412 775 452 Peneum
798 425 984 464 superare
1007 413 1100 461 erit,
1135 426 1250 465 quam
1273 414 1350 454 illis
1371 413 1662 467 trepidantibus

222 474 317 520 sui1;
341 470 656 522 transgressique
679 470 872 522 extemplo
897 475 1021 509 castra
1051 471 1393 522 oppugnabimus,
1424 484 1524 524 quae
1544 470 1662 510 hodie

181 538 202 570 S
224 530 487 582 cepissemus,
520 528 560 566 ni
582 527 796 578 fugissent;
827 533 893 566 aut
915 527 947 566 si
968 527 1051 566 acie
1073 528 1286 568 decernere
1305 529 1460 577 volent,
1493 528 1662 568 eundem

223 598 379 640 pugnae
411 585 604 637 pedestris
634 590 816 623 eventum
838 590 1060 636 expectate,
1092 584 1158 636 qui
1189 585 1365 637 equitum
1386 586 1425 625 in
1449 584 1663 625 certamine

184 652 204 685 9
224 644 337 684 suitf‘
380 650 416 681 et
447 642 513 694 qui
540 642 712 680 vicerant
741 641 911 688 alacres,
942 641 1066 693 spolia
1089 653 1293 681 caesorum
1323 643 1494 682 hostium
1518 641 1664 682 umeris

224 707 418 753 gerentes,
442 699 612 738 facinora
635 711 703 737 sua
726 698 920 746 audivere,
943 710 987 737 ex
1007 710 1051 737 6ο
1070 699 1175 750 qnod
1196 699 1389 739 acciderat
1409 711 1518 752 spem
1541 698 1666 739 futuri

172 768 211 800 10
227 757 534 811 praecipientes,
575 762 610 794 et
649 755 798 807 pedites
827 755 953 794 aliena
983 755 1106 806 gloria
1142 756 1320 804 accensi,
1356 756 1567 809 praecipue
1597 755 1665 808 qui

227 815 485 855 Macedonum
508 812 714 865 phalangis
736 819 866 860 erant,
891 812 963 852 sibi
987 825 1146 865 quoque
1176 820 1213 852 et
1235 814 1432 853 navandae
1464 813 1546 864 regi
1569 825 1664 865 ope-

226 885 290 912 rae
323 878 357 911 et
389 869 553 910 similem
586 869 748 921 gloriam
780 882 825 908 ex
856 870 969 909 hoste
999 870 1178 921 pariendi
1200 870 1448 910 occasionem
1470 869 1666 924 optabant.

175 940 210 972 11
229 932 399 969 contione
421 927 591 975 dimissa,
613 933 773 979 postero
797 927 858 965 die
880 927 1081 979 profectus
1112 927 1203 966 inde
1224 928 1271 967 ad
1293 927 1512 980 Mopselum
1535 926 1668 979 posuit

231 992 367 1026 castra.
409 984 585 1024 tumulus
614 984 676 1023 hic
708 990 798 1022 ante
820 983 968 1036 Tempe
994 997 1018 1017 ÷÷
1049 984 1195 1023 eminet
1215 984 1373 1024 Larisae
1401 984 1555 1023 medius
1575 983 1667 1023 abe-

157 1049 207 1085 62
229 1050 386 1083 stonum
417 1056 440 1075 κ
474 1055 523 1079 ÷÷.
576 1040 743 1081 Romani
773 1053 852 1080 non
883 1041 1139 1080 abscedentes
1160 1041 1207 1081 ab
1238 1042 1323 1094 ripa
1344 1041 1463 1080 Penei
1494 1046 1668 1080 transtu-

187 1106 207 1138 2
227 1101 356 1140 lerunt
378 1100 418 1138 in
440 1099 570 1138 locum
593 1098 778 1137 tutiorem
797 1105 934 1137 castra.
976 1112 1021 1137 co
1038 1098 1259 1150 Misagenes
1273 1098 1439 1138 Numida
1456 1098 1560 1137 venit
1578 1110 1668 1137 cum

228 1159 334 1198 mille
358 1156 579 1210 equitibus,
602 1155 686 1208 pari
708 1155 883 1207 peditum
907 1168 1086 1202 numero,
1107 1156 1154 1195 ad
1176 1156 1252 1195 hoc
1274 1155 1493 1208 elephantis
1514 1155 1669 1194 duobus

229 1223 265 1254 et
285 1215 435 1266 viginti.

189 1280 209 1312 3
343 1272 417 1310 Per
439 1284 504 1310 eos
534 1270 616 1309 dies
646 1270 855 1309 consilium
875 1269 1035 1309 habenti
1057 1269 1140 1320 regi
1161 1269 1209 1308 de
1230 1281 1381 1308 summa
1402 1281 1557 1316 rerum,
1579 1280 1669 1308 cum

232 1330 306 1368 iam
331 1328 572 1368 consedisset
602 1328 746 1366 ferocia
769 1328 815 1366 ab
837 1340 880 1366 re
902 1327 1003 1366 bene
1025 1333 1153 1377 gesta,
1174 1326 1259 1366 ausi
1280 1332 1372 1365 sunt
1394 1326 1550 1378 quidam
1572 1325 1670 1364 ami·

230 1399 365 1426 corum
390 1385 598 1438 consilium
621 1385 724 1431 dare,
747 1391 788 1423 ut
811 1385 982 1423 secunda
1004 1383 1163 1422 fortuna
1184 1383 1224 1422 in
1247 1383 1521 1422 condicionem
1543 1383 1670 1422 hone-

229 1451 311 1483 stae
334 1443 441 1496 pacis
462 1448 638 1481 uteretnr
661 1441 805 1494 potins,
828 1454 944 1493 quam
961 1453 1032 1494 spe
1054 1453 1150 1479 vana
1172 1446 1330 1479 evectus
1351 1439 1391 1479 in
1410 1451 1541 1479 casum
1564 1439 1671 1478 inre-

231 1555 346 1588 lndess
372 1554 490 1587 wurde
512 1554 578 1586 wol
594 1554 698 1586 sehon
713 1553 843 1587 damals
857 1553 915 1586 der

231 1600 464 1644 Kriegsdienst
496 1610 535 1632 zu
569 1599 689 1632 Pserde
721 1600 814 1632 mehr
847 1609 914 1631 von

231 1647 295 1680 (len
328 1646 456 1679 Rittern
490 1645 577 1678 ohne
608 1656 715 1688 equus
749 1645 917 1688 publicus,

232 1704 258 1725 s.
285 1695 315 1733 5,
344 1695 373 1727 Ἰ,
398 1694 430 1727 5,
463 1691 631 1733 geleistet.
667 1711 711 1715 -—
737 1692 778 1723 de
814 1692 917 1733 7⁹0·-

232 1741 368 1777 2·2·0102-.,
402 1739 432 1777 s,
461 1739 513 1776 12,
544 1739 576 1777 4,
609 1736 677 1779 vgi.
713 1738 766 1780 25,
799 1739 854 1777 29,
887 1739 917 1769 c.

233 1784 412 1824 legionib„
426 1782 480 1814 die
493 1781 836 1815 Leiclitbewaffneten
861 1782 919 1813 113-

233 1830 295 1863 1)611
331 1839 383 1861 3111
408 1828 548 1871 Kampse
574 1827 670 1860 Theil
705 1838 917 1870 genonimen.

232 1875 391 1917 peditum
425 1874 468 1907 ist
502 1884 564 1906 nur
601 1872 660 1906 des
692 1873 919 1916 Gegensatzes

233 1930 354 1963 wegen
381 1919 614 1962 liinzugefiigt.

282 1969 349 1998 ἰ’-1
362 1968 389 1998 1.
409 1965 508 2004 facil.
520 1985 545 1988 —
558 1965 641 2005 fuit,
656 1964 735 1997 weit
751 1967 919 2007 getrennt,

234 2023 260 2045 s.
288 2022 316 2044 c.
343 2014 374 2052 6,
399 2013 437 2049 2;
471 2012 524 2051 39,
554 2012 567 2044 1
607 2012 636 2043 2.
670 2029 714 2033 —
749 2012 855 2052 equit.
883 2012 919 2041 in

235 2064 320 2090 eet-t.
346 2057 430 2089 nach
456 2067 567 2099 pugn.
593 2056 768 2098 pedestris
793 2055 920 2088 1111131)-

235 2102 469 2140 znwechselm
496 2105 653 2144 equitum
667 2101 759 2134 stelit
783 2101 843 2134 des
857 2101 920 2134 Ge-

236 2152 414 2193 gensatzes
427 2158 547 2191 wegen
564 2157 681 2180 voran.
708 2167 750 2171 -—-
765 2147 921 2190 Mopsel.,

236 2206 274 2228 so
300 2194 356 2227 hat
382 2193 413 2226 d.
428 2193 506 2226 Hds.
529 2194 617 2232 hier;
644 2204 671 2226 c.
688 2195 740 2235 65,
760 2196 793 2232 1;
821 2195 921 2234 (321,

236 2240 324 2273 doch
349 2240 390 2272 ist
418 2239 484 2272 wol
510 2239 568 2272 der
593 2249 659 2271 von
686 2240 806 2273 Strabo
832 2242 863 2281 9,
890 2241 921 2280 5,

237 2288 278 2319 22
306 2297 338 2328 p.
357 2287 421 2318 443
448 2285 667 2318 bezeichnete
682 2285 739 2318 ort
755 2286 921 2329 gemeint:

237 2331 327 2364 εἶναι
363 2328 401 2362 δὲ
435 2328 476 2363 τὸ
508 2331 575 2363 νῦν
606 2328 829 2375 καλορμείὀν
854 2333 921 2363 Πε-

239 2374 411 2422 λασγικὸν
436 2374 574 2416 πεδίον,
606 2378 646 2408 ἐν
676 2375 704 2419 ᾧ
733 2378 922 2421 Λαρίσα-

238 2425 295 2454 καὶ
324 2419 489 2463 Μότ,«·ιον;
517 2422 561 2454 ib.
588 2422 608 2464 ξ
635 2424 677 2455 20
703 2433 735 2465 p.
761 2426 839 2464 441,
865 2422 924 2455 der

239 2468 347 2510 Hiigel
373 2468 566 2508 (tumulus),
600 2468 661 2500 auf
689 2468 764 2501 dem
791 2479 826 2502 es
853 2469 920 2511 lag,

239 2513 366 2546 konnte
390 2514 423 2544 in
458 2513 516 2545 der
541 2513 653 2546 Ebene
679 2514 816 2552 stehen,
844 2514 924 2547 Bur-

239 2559 311 2590 sian
341 2562 369 2596 1,
395 2560 447 2591 62.
499 2558 556 2592 Die
581 2559 664 2602 folg.
682 2559 733 2592 W.
759 2559 832 2593 sind
852 2569 925 2592 ver-

987 1552 1112 1585 dorben
1131 1551 1200 1584 und
1214 1550 1420 1591 liickenliast,
1445 1551 1477 1584 in
1494 1554 1672 1593 ternpesle-

988 1602 1039 1630 est
1068 1598 1152 1641 liegt
1183 1597 1276 1630 viell.
1318 1596 1442 1640 Tempe
1476 1599 1576 1640 situs,
1601 1596 1672 1640 vgl.

988 1646 1042 1685 36,
1070 1645 1199 1685 10,11;
1226 1644 1281 1685 44,
1302 1644 1381 1685 8,9;
1407 1643 1441 1676 in
1467 1644 1674 1675 abestonum

988 1688 1272 1722 wahrsclieinlich
1299 1688 1479 1729 Gonnum,
1505 1699 1533 1722 c.
1559 1690 1615 1729 54,
1641 1689 1672 1722 8.

1034 1734 1098 1769 62.
1127 1736 1224 1768 1—2.
1251 1745 1324 1767 non
1345 1736 1436 1768 absc.
1451 1737 1526 1775 etc„
1545 1733 1675 1768 wollin-

990 1782 1105 1821 wiffls,
1128 1780 1174 1812 ist
1199 1780 1292 1813 nicht
1311 1791 1352 1813 zu
1367 1780 1548 1820 erkennen‚
1574 1790 1603 1813 c.
1619 1781 1674 1822 64,

990 1829 1007 1859 7
1041 1826 1158 1859 stelien
1192 1826 1240 1859 sic
1272 1825 1399 1859 wieder
1432 1825 1563 1859 siidlich
1594 1835 1673 1858 vom

990 1872 1133 1905 Peneus.
1160 1890 1203 1895 ——
1228 1871 1368 1913 Misag„
1393 1882 1421 1904 c.
1448 1873 1501 1905 29.

1035 1916 1105 1962 62,
1131 1919 1253 1951 3—15.
1286 1916 1676 1950 Friedensverhandlun-

989 1974 1066 2006 gen.
1115 1963 1188 1998 Pol.
1215 1964 1269 2004 27,
1303 1964 1342 2000 S;
1374 1962 1462 2006 App.
1496 1962 1581 1997 Mac.
1615 1964 1674 2001 12;

990 2009 1078 2043 Plut.
1104 2008 1278 2052 Apophth.
1307 2010 1382 2043 197.

1038 2057 1138 2088 3-7.
1165 2065 1302 2087 summa
1329 2065 1372 2097 7·.‚
1397 2055 1416 2096 ἓ
1441 2055 1500 2093 12;
1527 2055 1674 2095 6.59,9;

990 2099 1061 2144 vgl.
1087 2102 1143 2142 28,
1167 2102 1200 2138 8,
1230 2102 1287 2138 13;
1313 2099 1446 2133 Andere
1469 2111 1496 2132 S.
1525 2099 1622 2141 belli,
1649 2109 1676 2132 s.

991 2157 1031 2179 zu
1058 2148 1112 2188 29,
1137 2148 1169 2188 4,
1195 2148 1233 2184 3:
1265 2148 1319 2186 44,
1345 2148 1377 2188 2,
1405 2148 1439 2179 1;
1474 2145 1515 2177 de
1539 2155 1676 2178 summa

990 2192 1141 2235 gerendi
1165 2192 1256 2225 belli.
1287 2211 1331 2216 —-
1355 2195 1397 2223 ut
1420 2202 1486 2224 sce.
1512 2193 1591 2232 etc„
1622 2189 1676 2223 die

992 2238 1098 2272 sehon
1124 2248 1152 2271 c.
1178 2239 1266 2280 59,9
1292 2236 1515 2280 angesiihrten
1530 2235 1677 2270 Grfinde.

990 2303 1036 2308 --
1061 2286 1096 2315 in
1124 2283 1238 2325 cond„
1263 2293 1318 2316 um
1334 2282 1407 2314 —in
1423 2281 1610 2325 Vorschlag
1635 2292 1678 2314 zu

992 2330 1149 2372 bringen;
1176 2340 1251 2361 zum
1266 2330 1417 2370 Antrage
1441 2327 1500 2360 aus
1521 2337 1620 2368 uSW„
1647 2338 1675 2361 c.

994 2378 1047 2417 59,
1076 2377 1133 2413 10;
1160 2385 1226 2408 von
1243 2374 1306 2407 den
1325 2373 1676 2416 Friedensbedingun-

994 2431 1059 2464 gen
1086 2420 1227 2454 braucht
1250 2420 1286 2453 L.
1312 2419 1549 2461 condiciones,
1573 2419 1677 2462 deges

993 2468 1104 2510 pacis.
1130 2486 1172 2491 —
1187 2468 1405 2508 itt—uteret„
1431 2464 1510 2498 Tac.
1523 2465 1603 2508 Agr.
1625 2466 1677 2498 18:

995 2514 1234 2555 prosperitate.
1267 2522 1387 2544 rerum.
1413 2512 1450 2544 in
1483 2513 1678 2544 vanitatem

996 2569 1092 2590 usus.
1124 2577 1167 2581 —
1201 2568 1271 2592 eos,
1298 2560 1460 2598 t'rrevoc„
1494 2567 1522 2590 c.
1557 2558 1612 2599 59,
1645 2557 1678 2597 9,
