1747 2844
157 114 210 154 68
235 122 238 125 ’
614 113 740 146 LIBER
764 113 911 146 xxxix.
961 112 1054 146 GAP.
1081 114 1134 146 34.

1439 129 1464 148 a.
1485 129 1514 148 u.
1535 122 1594 148 570.

155 245 241 272 mae
263 244 373 274 orae,
397 231 573 277 mandat,
596 235 639 268 ut
662 229 782 280 partis
803 228 985 267 adversae
1017 227 1218 279 principes
1240 226 1490 266 interficeret.
1532 226 1597 266 ille

157 302 227 342 per
249 287 486 328 Casandrum
511 287 718 338 quendam,
736 298 861 324 unum
882 297 926 323 ex
944 284 1063 333 regiis
1078 284 1152 323 iam
1175 284 1240 323 diu
1257 283 1495 323 habitantem
1516 283 1598 322 Ma-

158 359 314 392 roneae,
338 350 452 383 nocte
475 344 694 383 Thracibus
715 341 952 381 intromissis
968 341 1072 381 velut
1093 342 1132 380 in
1151 340 1253 380 bello
1271 347 1380 392 capta
1398 340 1496 379 urbe
1511 352 1599 380 cae-

118 413 137 446 3
161 405 246 442 dem
270 402 373 440 fecit.
415 402 505 440 inde
536 402 636 452 apud
659 401 808 449 legatos
830 399 1029 438 Romanos
1052 404 1264 450 querentes
1289 404 1365 437 tam
1387 397 1600 437 crudeliter

159 461 344 499 adversus
367 458 549 497 innoxios
567 457 790 504 Maronitas,
805 461 881 494 tam
908 455 1077 507 superbe
1099 455 1284 494 adversus
1305 454 1496 506 populum
1520 453 1599 493 Ro-

158 529 316 556 manum
339 517 506 562 factum,
529 521 590 561 ut,
615 514 758 566 quibus
779 513 996 552 libertatem
1020 512 1300 551 restituendam
1325 516 1483 551 senatus
1505 524 1598 550 cen-

159 574 315 621 suisset,
337 573 361 611 ii
385 585 456 624 pro
479 572 658 611 hostibus
680 571 985 617 trucidarentur,
1008 569 1203 608 abnuebat
1229 569 1439 620 quicquam
1462 581 1600 608 eorum

117 641 138 673 4
160 632 205 670 ad
223 643 264 670 se
282 638 347 669 aut
365 642 600 682 quemquam
619 641 782 668 suorum
801 628 1021 679 pertinere:
1037 626 1229 666 seditione
1242 627 1345 665 inter
1359 626 1467 677 ipsos
1486 625 1600 664 dimi-

161 694 310 732 catum,
343 700 430 726 cum
455 687 516 725 alii
540 686 586 724 ad
607 699 670 732 se,
693 685 756 724 alii
787 685 832 724 ad
857 685 1074 723 Eumenem
1101 683 1292 723 civitatem
1316 683 1539 729 traherent.;
1562 682 1600 721 id

119 755 138 787 5
159 745 271 784 facile
288 744 457 783 scituros
469 756 566 791 esse,
578 744 608 782 si
621 741 1092 794 percunctarenturipsos
1104 740 1328 787 Maronitas,
1345 739 1602 779 hauddubius

161 802 354 854 perculsis
385 801 568 839 omnlbus
598 808 749 838 terrore
773 805 848 838 tam
870 798 1042 838 recentis
1073 797 1201 836 caedis
1230 797 1427 836 neminem
1448 797 1601 836 hiscere

119 869 139 901 6
160 860 344 898 adversus
366 871 406 897 se
428 870 630 896 ausurum.
680 869 823 908 negare
847 855 997 908 Appius
1028 867 1109 894 rem
1141 854 1359 893 evidentem
1392 866 1464 905 pro
1487 853 1602 893 dubia

163 916 449 968 quaerendam3
473 915 503 953 si
527 915 574 953 ab
595 927 637 953 se
659 914 814 965 culpam
837 924 1038 952 removere
1055 911 1181 959 vellet,
1200 911 1459 950 Onomastum
1477 916 1515 950 et
1532 910 1603 950 Ca-

162 974 348 1012 sandrum
363 1004 371 1017 ,
404 984 476 1023 per
506 984 605 1023 quos
636 976 718 1010 acta
741 984 804 1010 res
827 971 1043 1016 diceretur,
1064 969 1238 1007 mitteret
1265 968 1450 1016 Romam,
1472 972 1516 1006 ut
1537 980 1604 1007 eos

122 1042 139 1071 τ
161 1036 321 1069 senatus
339 1028 589 1081 percunctari
607 1034 753 1080 posset.
789 1028 917 1079 primo
935 1026 1031 1065 adeo
1050 1025 1294 1077 perturbavit
1313 1038 1356 1064 ea
1371 1037 1443 1064 vox
1457 1036 1603 1076 regem,

162 1094 206 1126 ut
237 1100 315 1126 non
348 1086 477 1133 color,
512 1099 591 1124 non
614 1085 744 1124 vultus
767 1087 798 1123 ei
832 1090 1049 1131 constaret3
1083 1083 1223 1122 deinde
1245 1082 1424 1121 conlecto
1447 1082 1605 1121 tandem

163 1144 294 1183 animo
312 1143 566 1190 Casandrum,
585 1143 650 1194 qui
669 1143 880 1181 Maroneae
898 1141 1049 1188 fuisset,
1069 1140 1101 1178 si
1119 1139 1259 1191 utique
1278 1139 1433 1187 vellent,
1451 1151 1493 1178 se
1510 1138 1604 1178 mis-

122 1214 141 1246 8
162 1213 298 1242 surum
322 1201 436 1243 dixit:
459 1200 505 1238 ad
525 1200 782 1239 Onomastum
798 1198 955 1249 quidem
974 1197 1067 1248 quid
1093 1209 1175 1236 eam
1199 1209 1280 1235 rem
1304 1196 1515 1247 pertinere,
1537 1196 1605 1246 qui

164 1272 244 1298 non
266 1258 381 1297 modo
397 1257 616 1303 Maroneae,
634 1257 700 1295 sed
719 1269 768 1295 ne
785 1255 823 1294 in
844 1256 1005 1306 regione
1022 1254 1181 1306 quidem
1196 1253 1420 1305 propinqua
1437 1251 1606 1293 fuisset?

123 1328 143 1360 9
165 1323 201 1355 et
223 1315 405 1367 parcebat
428 1315 550 1364 magis
574 1312 803 1360 Onomasto,
826 1311 1069 1351 honoratiori
1090 1311 1229 1358 amico,
1253 1316 1290 1349 et
1313 1310 1481 1349 eundem
1504 1310 1607 1348 indi-

164 1385 247 1412 cem
279 1372 380 1410 hand
404 1371 520 1422 paulo
549 1371 639 1422 plus
660 1370 840 1417 timebat,
865 1369 953 1421 quia
976 1375 1014 1407 et
1035 1368 1120 1420 ipse
1142 1380 1363 1407 sermonem
1387 1367 1608 1406 contulerat

163 1507 190 1530 S.
216 1495 288 1528 Pol.
314 1490 641 1538 μεταπεμψάμενος
664 1491 731 1539 γὰρ
754 1489 851 1525 Ὀνό-

163 1552 305 1584 μαστον
317 1538 381 1573 τὸν
399 1541 458 1573 ἐπὶ
475 1536 614 1584 Θρᾴκης
630 1540 852 1584 τεταγμένον

165 1584 424 1631 ἐκοινολογίθη
442 1583 561 1627 τούτῳ
581 1586 663 1628 περὶ
681 1585 742 1625 τῆς
763 1581 851 1629 πρά-

167 1632 264 1673 ξεως.
289 1627 308 1664 ὁ
334 1629 373 1664 δὲ
399 1627 619 1674 Ὀνόμαστος
644 1649 684 1654 —
711 1630 852 1663 εἰσαπέ·

166 1676 284 1710 ovate
306 1673 526 1721 Κάσανδρον
547 1676 595 1708 εἰς
616 1671 852 1719 Μαρώνειαν.

166 1743 210 1747 -
225 1724 404 1763 adversae,
420 1734 446 1754 ε’.
463 1724 516 1756 24.
528 1724 565 1753 9:
585 1724 668 1763 quia
684 1723 855 1753 liber-tat&

168 1779 311 1801 causam
329 1766 577 1806 defendissent.
591 1787 636 1790 —
648 1769 770 1810 regiq's,
791 1761 854 1799 ἅτε

168 1815 233 1846 τοῦ
271 1811 456 1846 Φιλίππου
494 1809 607 1846 πάλαι
641 1810 721 1844 τοὺς
759 1808 853 1844 αὐλι-

167 1858 248 1892 noire
272 1856 527 1905 ἐγκαθεικότος
560 1857 607 1890 εἰς
638 1856 701 1890 τὰς
733 1854 855 1890 πόλεις

167 1903 311 1938 ταύτας.
330 1924 373 1928 —-
392 1904 480 1936 bello
499 1907 603 1946 capta
620 1902 709 1936 kann
729 1903 779 1935 als
800 1903 852 1935 ein

167 1951 305 1993 Begriff,
331 1961 355 1983 s,
373 1952 403 1991 3,
420 1953 474 1991 57,
489 1952 526 1982 3:
554 1949 649 1981 velat
666 1949 753 1981 hello
774 1959 853 1990 cap-

169 2001 239 2029 tam
272 1996 461 2029 betrachtet
496 2006 526 2027 u.
566 2005 627 2027 vor
667 1994 782 2027 diesen
816 1996 853 2025 in

167 2042 305 2084 gestellt
331 2042 413 2083 sein,
448 2052 473 2073 s.
502 2042 532 2081 8,
556 2043 610 2081 31,
637 2043 674 2073 7:
700 2040 796 2072 velut
819 2042 855 2071 in

169 2091 270 2130 capto
297 2089 477 2128 mereim,
502 2086 587 2118 iiber
617 2085 670 2118 die
698 2084 856 2128 Stellung

170 2133 229 2166 der
243 2133 402 2175 Praepos.
419 2144 444 2165 s.
461 2143 488 2165 c.
505 2133 558 2173 25,
575 2133 611 2169 8;
628 2131 807 2173 dajedoch
821 2131 854 2164 L.

170 2178 387 2222 gewohnlieh
413 2189 474 2210 nur
492 2180 595 2220 capta
621 2177 673 2210 od.
694 2179 729 2209 υἱ
753 2180 857 2219 capta

170 2226 254 2257 urbs
273 2227 358 2267 sagt,
385 2234 410 2257 s.
438 2234 465 2256 e.
481 2226 512 2260 4,
532 2225 567 2256 11
582 2237 589 2260 ς
605 2225 658 2264 37,
675 2224 728 2263 32,
747 2224 785 2255 12
802 2237 809 2259 ;
825 2224 855 2257 3.

171 2273 201 2310 3.v
217 2273 255 2308 4;
278 2281 316 2303 so
342 2269 431 2302 kann
458 2269 544 2302 auch
568 2270 606 2300 in
631 2268 740 2301 bello:
765 2268 857 2300 wah-

171 2315 252 2348 rend
278 2315 337 2348 des
362 2314 412 2355 K„
446 2325 471 2347 s.
503 2324 530 2347 c.
558 2316 733 2356 23,6;35.
750 2316 856 2355 6;40,

172 2363 203 2401 6,
237 2361 290 2393 fiir
315 2360 386 2393 sich
417 2370 629 2402 genommen,
663 2359 731 2392 und
766 2359 859 2391 velut

175 2406 234 2438 aus
259 2410 380 2448 capta:
407 2406 457 2438 als
475 2406 518 2439 ob
543 2406 592 2438 sie
609 2425 654 2430 —-
671 2406 774 2446 ware,
799 2405 857 2437 be-

172 2461 280 2493 zogen
307 2452 462 2486 werden.
499 2451 566 2493 vgl.
595 2453 624 2484 2.
651 2452 701 2492 12,
727 2453 785 2487 13;
813 2451 856 2483 ib.

173 2498 227 2529 31.
256 2499 312 2534 112
347 2496 466 2540 Polyb.
501 2500 577 2539 sagt
606 2507 684 2529 nur:
717 2497 858 2549 ἐγένετο

171 2539 304 2586 μεγάλη
323 2540 443 2587 σφαγὴ
460 2544 519 2574 καὶ
537 2540 664 2576 πολλοὶ
682 2554 760 2574 των
778 2544 856 2574 Ma·

173 2587 342 2631 ρωνιτῶν
367 2583 571 2621 ἀπέθανον.

968 1494 1067 1526 3-8.
1116 1491 1217 1532 inde,
1243 1490 1303 1524 das
1336 1491 1385 1524 hs.
1419 1491 1460 1523 id
1490 1490 1607 1524 wiirde

922 1538 999 1571 sehr
1022 1537 1098 1570 hart
1122 1536 1227 1569 durch
1252 1537 1350 1579 apud
1372 1555 1414 1561 —
1431 1535 1610 1579 'quer-ent„

922 1594 989 1617 von
1007 1583 1084 1616 dem
1105 1582 1156 1615 als
1172 1582 1371 1625 Epexegese
1395 1593 1437 1615 zu
1454 1582 1610 1616 betrach-

924 1628 1048 1662 tenden
1064 1632 1134 1661 tam
1149 1628 1342 1661 crudeliter
1358 1631 1423 1661 etc.
1439 1630 1608 1671 getrennt,

923 1674 992 1717 vgl.
1008 1675 1063 1715 22,
1075 1676 1128 1716 36,
1140 1677 1177 1712 5;
1193 1676 1247 1716 36,
1258 1675 1312 1715 26,
1324 1676 1360 1712 3;
1376 1674 1462 1707 nach
1471 1673 1611 1716 Madvig

924 1721 969 1753 ist
993 1720 1033 1752 id
1063 1730 1103 1753 zu
1130 1719 1326 1762 entsernen,
1360 1719 1428 1762 vgl.
1455 1718 1609 1752 Kfihnast

923 1767 999 1799 311.
1018 1785 1064 1801 ,-
1090 1766 1277 1806 abnuebat,
1303 1776 1333 1798 n.
1360 1763 1548 1808 Philippus.
1564 1783 1609 1788 ——

923 1814 1080 1853 querant.
1117 1830 1162 1834 —
1197 1809 1302 1852 fact„
1342 1809 1484 1853 Polyn:
1529 1809 1609 1843 τῶν

922 1858 1005 1902 περὶ
1045 1853 1204 1889 Ἄππιον
1244 1876 1289 1879 -
1327 1855 1382 1897 τῷ
1432 1852 1609 1898 Φιλίππῳ

921 1897 1269 1947 μεμψιμοιρούντων
1295 1902 1354 1935 ἐπὶ
1382 1896 1533 1934 τούτοις.
1566 1920 1612 1925 -—

922 1951 986 1980 ant
1009 1958 1157 1989 quemq.,
1190 1957 1215 1980 s.
1243 1957 1269 1980 c.
1302 1949 1356 1988 27,
1383 1949 1421 1980 4:
1447 1946 1526 1987 vel;
1555 1948 1610 1988 42,

925 1995 980 2033 57,
999 1995 1029 2026 9.
1056 2012 1101 2016 —
1123 1995 1448 2035 percunctarentur
1473 2003 1498 2026 s.
1514 2002 1541 2025 c.
1557 1994 1611 2033 27,

926 2041 956 2073 6.
983 2058 1027 2061 ———
1052 2040 1197 2080 hiscere,
1215 2049 1242 2071 c.
1267 2040 1322 2079 25,
1341 2041 1366 2072 1.
1384 2057 1429 2062 —
1451 2037 1613 2080 widem„

926 2095 951 2118 s,
979 2086 1034 2126 44,
1059 2086 1113 2126 41,
1141 2087 1180 2126 6,
1213 2083 1254 2117 da
1277 2094 1314 2117 es
1339 2104 1382 2108 —
1408 2084 1516 2122 ware;
1550 2094 1611 2117 σα-

927 2125 1458 2219 3555,2g{g‘wf‚035,reme,
1473 2148 1523 2207 r,
1540 2139 1612 2216 222⁷}

927 2219 1043 2254 σιλεύς
1084 2203 1294 2265 ὃίατραπεὶς
1339 2215 1386 2253 ὠς
1421 2222 1476 2252 ἔνι
1511 2216 1613 2263 μάλι-

927 2278 996 2300 στα
1021 2268 1080 2299 καὶ
1098 2262 1281 2312 ἀπορήσας
1309 2266 1371 2300 ἐπὶ
1395 2262 1510 2298 πολὺν
1533 2261 1613 2311 χρό-

927 2325 1009 2351 vom
1041 2323 1067 2345 c.
1098 2314 1136 2345 13
1167 2322 1244 2345 nur:
1279 2311 1327 2344 εἰς
1358 2307 1516 2356 ἀπορίαν
1540 2311 1613 2343 ἐνέ-

930 2369 1076 2391 πιπτεν.
1095 2375 1139 2380 -
1157 2360 1323 2399 constan,
1347 2358 1377 2398 8,
1396 2357 1446 2397 19,
1461 2357 1499 2389 6:
1524 2367 1613 2389 sana

928 2406 1090 2436 constare
1121 2413 1238 2442 mens5
1271 2404 1325 2444 44,
1351 2403 1404 2439 20,
1428 2404 1465 2439 7;
1500 2403 1532 2443 5,
1556 2403 1612 2443 42,

929 2451 958 2482 3.
984 2467 1028 2471 —
1058 2450 1089 2479 si
1124 2450 1224 2489 utiq„
1261 2457 1361 2480 wenn
1402 2447 1451 2480 sie
1489 2446 1613 2480 einmal

928 2494 1113 2535 durchaus,
1139 2494 1193 2531 42,
1217 2494 1270 2534 30,
1285 2496 1315 2527 5.
1341 2513 1371 2516 —
1396 2492 1538 2534 quidem
1556 2492 1612 2526 ad-

929 2539 1085 2572 vei-satir.

973 2586 1094 2617 9-10,
1121 2585 1284 2616 honorat.
1318 2593 1397 2625 am„
1421 2585 1475 2624 31,
1498 2585 1551 2625 28,
1573 2585 1612 2623 5;
