1779 2893
507 148 632 182 LIBER
656 149 790 183 XXXX.
841 149 935 183 CAP.
962 151 1015 184 28.
1042 152 1095 184 29.
1461 147 1542 187 163

95 170 121 189 a.
143 160 196 188 ch.
219 159 277 186 181.

91 265 328 319 fugientium
351 267 495 318 passim
518 266 657 306 caedes
678 272 771 306 erat.
796 266 996 318 equitibus
1019 266 1108 305 dato
1130 266 1259 318 signo,
1282 273 1325 307 ut
1347 279 1542 306 conscen-
1562 277 1582 308 5

18 316 30 331 '
92 325 231 365 derent
259 337 386 376 equos
408 337 482 364 nec
504 324 678 376 effugere
701 336 936 376 quemquam
960 324 1160 370 sinerent,
1193 325 1233 364 in
1257 331 1383 364 castra
1406 337 1544 365 omnes

92 382 243 435 trepida
274 382 368 434 fuga
397 382 592 433 compulsi
625 388 738 429 sunt,
772 382 914 422 deinde
944 382 1040 433 ipsis
1072 382 1177 421 exuti
1214 382 1364 422 castris.
1424 390 1584 435 supra6

91 439 318 493 quindecim
358 439 463 479 milia
501 440 692 491 Ligurum
735 452 781 479 eo
819 440 880 479 die
916 439 1069 487 occisa,
1111 440 1214 491 capti
1252 440 1329 479 duo
1364 441 1470 479 milia
1507 446 1544 480 et

89 497 312 550 quingenti.
348 497 479 537 triduo
501 505 592 550 post
613 497 806 548 Ligurum
828 497 1098 549 Ingaunorum
1127 509 1274 537 nomen
1298 510 1415 537 omne
1437 498 1542 537 obsi-

89 555 205 595 dibus
223 555 323 595 datis
340 555 380 594 in
403 555 602 595 dicionem
619 556 738 595 venit.
767 555 1054 607 gubernatores
1070 560 1292 607 nautaeque
1314 555 1543 607 conquisiti,
1565 564 1585 595 7

89 612 158 665 qui
187 615 230 652 in
264 613 522 665 praedatoriis
551 613 723 653 fuissent
744 613 930 661 navibus,
961 619 1078 665 atque
1100 625 1238 652 omnes
1261 613 1301 652 in
1325 613 1544 653 custodiam

89 669 270 711 coniecti.
304 677 343 710 et
358 683 378 710 a
396 670 436 710 C.
447 671 619 710 Matieno
638 670 847 710 duumviro
867 683 983 710 naves
1000 670 1085 710 eius
1103 670 1260 721 generis
1278 670 1318 710 in
1336 670 1542 722 Ligustina

88 741 156 768 ora
177 729 340 780 triginta
361 728 460 768 duae
482 735 618 781 captae
639 734 747 768 sunt.
785 729 881 768 baec
903 729 971 780 qui
995 729 1225 768 nuntiarent
1246 728 1476 780 litterasque
1497 729 1544 768 ad
1563 736 1583 770 8

87 782 269 826 senatum
298 786 470 834 ferrent,
502 786 546 825 L.
579 787 762 826 Aurelius
794 786 903 826 Cotta
932 786 972 826 C.
996 785 1199 838 Sulpicius
1221 786 1355 825 Gallus
1377 786 1541 826 Romam

86 843 212 892 missi,
234 844 432 896 simulque
454 850 655 896 peterent,
680 851 721 883 ut
743 843 786 883 L.
810 844 975 884 Aemilio
1000 845 1179 883 conlecta
1202 844 1403 896 provincia
1426 844 1542 883 dece-

86 903 179 942 dere
196 908 234 941 et
249 902 445 941 deducere
459 915 595 942 secum
616 902 763 941 milites
784 902 922 941 liceret
943 908 1059 954 atque
1083 901 1292 941 dimittere.
1325 909 1542 953 utrumque
1562 909 1583 944 9

47 976 59 988 ·
84 960 325 1012 permissum
347 959 394 999 ab
413 965 566 1009 senatu,
590 967 627 999 et
648 959 885 1012 supplicatio
908 960 953 998 ad
978 959 1109 998 omnia
1131 959 1351 1011 pulvinaria
1374 972 1448 1011 per
1470 959 1541 998 tri-

85 1018 208 1058 duum
225 1017 394 1062 decreta,
417 1017 596 1070 iussique
612 1024 815 1070 praetores
828 1017 990 1057 Petilius
1008 1017 1178 1056 urbanas
1195 1018 1391 1057 dimittere
1417 1017 1541 1069 legio-

84 1088 171 1122 nes,
192 1075 336 1115 Fabius
358 1075 476 1114 sociis
498 1081 616 1128 atque
640 1075 792 1115 nomini
816 1075 955 1114 Latino
978 1075 1179 1114 remittere
1200 1075 1400 1123 dilectum,
1424 1081 1462 1114 et
1482 1076 1540 1115 uti
1565 1084 1602 1117 10

84 1138 245 1186 praetor
273 1132 451 1172 urbanus
480 1133 714 1172 consulibus
744 1132 936 1172 scriberet
965 1139 1145 1172 senatum
1177 1145 1347 1185 aequum
1375 1145 1539 1172 censere

84 1190 297 1232 subitarios
317 1190 460 1230 milites
484 1191 677 1230 tumultus
699 1203 816 1230 causa
839 1190 1089 1243 conscriptos
1108 1190 1235 1242 primo
1259 1203 1418 1242 quoque
1440 1197 1539 1230 tem-

82 1261 182 1302 pore
204 1248 357 1288 dimitti.

199 1305 360 1347 Colonia
383 1306 591 1346 Graviscae
624 1319 669 1345 eo
691 1318 796 1346 anno
819 1306 983 1346 deducta
1006 1312 1065 1345 est
1086 1306 1126 1345 in
1148 1318 1286 1357 agrum
1310 1305 1600 1347 Etruscum.29

83 1364 130 1404 de
151 1363 511 1417 Tarquiniensibus
542 1364 742 1416 quondam
774 1370 945 1415 captum.
997 1364 1117 1415 quina
1150 1363 1284 1414 iugera
1316 1363 1399 1415 agri
1430 1363 1536 1412 data;
1558 1373 1577 1404 2

83 1422 238 1463 tresviri
268 1422 520 1463 deduxerunt
551 1421 590 1462 C.
624 1421 862 1474 Calpurnius
894 1421 985 1461 Piso
1015 1421 1058 1460 P.
1092 1421 1278 1461 Claudius
1301 1420 1473 1460 Pulcher
1496 1421 1536 1461 C.

129 1503 193 1534 6—
199 1503 230 1535 7
257 1503 365 1543 capti,
449 1503 502 1537 10,
526 1502 581 1537 34.
597 1502 627 1534 3.
649 1520 693 1524 -—
717 1502 774 1533 ob-
846 1500 898 1533 fiir
924 1500 978 1533 die
1004 1510 1063 1533 aus
1049 1499 1270 1538 gehobenen
1290 1499 1455 1532 Soldaten
1481 1510 1539 1539 ge-

79 1547 147 1580 sid.
173 1547 258 1589 dac„
284 1547 347 1580 ebe
364 1514 424 1580 das
443 1547 604 1590 geschah,
631 1557 702 1580 w·a1
720 1546 773 1579 (lie
846 1551 940 1588 sagt,
973 1546 1039 1578 wit·
1075 1545 1154 1578 'lac
1185 1545 1221 1578 H.
1250 1540 1537 1580 4.71.cl1·leelns

83 1593 217 1628 deditio
243 1593 386 1636 erfolgt,
419 1603 444 1626 s.
472 1594 527 1633 28,
550 1595 604 1633 34,
629 1594 646 1624 7
661 1606 667 1625 :
699 1603 772 1625 non
840 1604 909 1635 per·
929 1592 1065 1625 Gallias
1083 1593 1221 1624 lzalutos
1239 1594 1277 1624 in
1305 1594 1466 1624 civitates
1482 1604 1537 1625 re—

80 1642 185 1684 prius
208 1658 252 1663 —
279 1649 387 1682 quam
411 1641 534 1672 onmia
549 1658 595 1662 -—
613 1639 774 1680 dedisset,
844 1641 963 1671 mittet.
988 1658 1032 1662 —-
1057 1649 1143 1670 rem.
1168 1658 1213 1662 —
1239 1642 1273 1670 et
1297 1641 1369 1680 uti,
1404 1641 1457 1673 24.
1485 1641 1535 1674 10.

82 1686 220 1720 obsides
257 1688 412 1729 accepti,
453 1696 555 1717 arma
597 1686 774 1728 adempta.
845 1688 874 1718 3.
900 1704 945 1708 -
970 1686 1132 1726 subitur„
1159 1696 1186 1717 c.
1214 1686 1314 1718 2026.

890 1729 952 1766 29.
978 1730 1037 1763 Die
1057 1730 1199 1764 Colonie
1222 1731 1426 1766 Graviscae:
1453 1730 1537 1763 Diir-

844 1788 896 1815 τος
932 1777 986 1810 die
1013 1777 1147 1810 Biiclier
1171 1776 1232 1809 des
1257 1776 1387 1819 Ktinigs
1414 1777 1534 1810 Numa.

844 1823 929 1856 Plin.
957 1825 1006 1859 13.
1026 1826 1076 1859 13.
1092 1825 1153 1857 84:
1184 1822 1288 1856 Varro
1315 1823 1369 1855 bei
1388 1824 1534 1866 August.

843 1870 884 1902 de
911 1870 974 1903 civ.
1003 1869 1058 1903 dei
1086 1873 1116 1911 7,
1148 1871 1201 1905 34:
1230 1869 1302 1902 val.
1330 1869 1418 1902 Max.
1452 1872 1477 1903 1.
1507 1873 1535 1911 1,

847 1918 904 1953 12;
932 1915 1021 1949 Ρ1111.
1050 1916 1148 1949 Num.
1176 1917 1237 1953 22;
1274 1916 1353 1949 Aur.
1382 1915 1469 1949 Yict.
1497 1917 1535 1954 3;

844 1962 934 1995 Lact.
962 1962 1041 1995 lust.
1073 1963 1169 1997 1:22.

893 2010 988 2042 1—2.
1005 2008 1115 2041 Kurze
1129 2007 1374 2041 annalistisclie
1390 2007 1536 2040 Notizen

81 1732 143 1766 Die
169 1731 276 1775 Folge
302 1731 361 1765 der
386 1731 519 1764 deditio
555 1731 599 1764 ist
626 1731 685 1764 der
710 1731 774 1765 Zu-

82 1778 183 1813 stand
207 1778 267 1811 der
292 1778 399 1819 dicio,
429 1777 490 1811 das
516 1776 774 1811 [nterworseu-

81 1825 156 1859 sein
179 1828 280 1858 unter
305 1824 359 1857 die
385 1823 520 1857 Gewalt
552 1823 646 1857 eines
673 1824 773 1857 frein-

80 1871 146 1905 den
170 1870 320 1909 Volkes;
351 1870 494 1903 deshalb
520 1871 612 1903 ware
638 1870 710 1903 hier
735 1872 772 1903 in

80 1917 300 1951 deditionem
317 1916 470 1960 weniger
487 1916 689 1970 passe-udus
717 1918 771 1957 3,3

83 1966 136 2006 17,
151 1966 206 2006 15,
231 1963 299 2006 v.gl
327 1974 355 1996 c.
382 1965 437 2004 34,
451 1964 482 1996 9.
512 1982 555 1986 -
583 1965 623 1995 in
645 1963 770 2006 praed.

77 2009 105 2050 f.
131 2020 225 2052 nav„
259 2009 347 2043 nach
380 2008 470 2043 Plut.
506 2004 661 2054 σκάφεσι
695 2021 770 2043 πει-

79 2057 250 2102 ρατικοῖς,
274 2055 343 2098 vgl.
372 2057 426 2097 3-1,
441 2057 495 2097 36,
510 2057 540 2089 3.
558 2075 598 2079 —
615 2055 771 2088 Matieno

80 2106 157 2144 etc„
183 2101 237 2135 die
254 2100 479 2144 Mitwirkuug
504 2101 563 2134 des
585 2101 772 2134 [1111111111111

80 2148 237 2182 erw'ahnt
263 2146 353 2180 Plut.
381 2147 493 2185 nicht;
519 2158 579 2180 zur
608 2146 717 2180 Saclie
745 2157 770 2181 s.

844 2054 908 2087 wie
938 2056 993 2089 39.
1017 2056 1071 2095 56,
1094 2058 1113 2088 ti
1141 2066 1171 2087 u.
1199 2064 1227 2087 a.
1254 2073 1298 2078 —
1335 2053 1536 2094 Graviscae,

843 2101 918 2133 eine
954 2101 1144 2133 etrurisdie
1179 2099 1297 2141 Stadt,
1335 2100 1421 2132 nacli
1458 2099 1535 2131 dem

847 2146 938 2189 Folg.
976 2146 1010 2179 111
1035 2147 1094 2179 der
1120 2146 1216 2179 Mark
1249 2156 1316 2179 vou
1347 2145 1534 2188 Tarquinii.

843 2203 874 2224 w
879 2192 1129 2225 alirscheinlicli
1148 2203 1189 2225 an
1209 2192 1267 2225 dei
1280 2191 1458 2233 Mfindung
1475 2191 1535 2224 des

80 2205 107 2228 c.
138 2195 189 2235 18,
208 2196 239 2227 4.

126 2241 250 2274 8—10.
267 2239 403 2280 Aur-el„
418 2250 446 2272 c.
458 2240 512 2281 27,
526 2240 557 2273 6.
569 2258 613 2262 —
626 2238 772 2281 Salpia,

79 2287 148 2330 vgl.
174 2297 202 2319 c.
230 2287 478 2331 27,4;43,11‚
512 2295 567 2318 wo
602 2285 683 2318 aber
717 2284 771 2317 die

79 2332 218 2366 Wiener
242 2332 322 2365 Hds.
346 2331 393 2364 M.
411 2331 596 2374 Sulpicius
620 2331 690 2372 hat,
716 2334 770 2366 44.

80 2381 134 2420 37,
149 2382 179 2413 5.
194 2398 239 2403 -
257 2376 421 2418 confecta
443 2388 513 2421 pr„
538 2379 592 2413 26.
608 2379 661 2411 21.
681 2379 710 2410 2.
725 2396 770 2400 —

79 2425 204 2458 deduc.
217 2444 263 2449 ——
279 2424 377 2457 licer.
389 2443 434 2447 ——
448 2423 544 2465 dim„
561 2423 630 2466 vgl.
646 2425 700 2465 39,
716 2424 770 2458 20.

79 2472 170 2505 9.-
186 2481 273 2504 rem.
299 2470 360 2503 dil.
386 2470 432 2503 ist
457 2480 510 2503 am
536 2469 770 2503 einsachsteu:

78 2517 133 2551 die
157 2516 372 2559 Aushebung
404 2515 575 2558 erlassen,
609 2516 663 2549 die
696 2515 769 2549 also

79 2563 168 2597 noch
201 2563 314 2604 nicht,
349 2562 416 2595 wie
448 2562 575 2595 bereits
608 2562 642 2595 in
672 2560 770 2596 R'om.

77 2608 152 2652 §92
179 2609 369 2650 dimittere,
395 2607 416 2652 ξ

79 2655 182 2689 endet
200 2665 291 2693 war;
318 2654 521 2687 schwerlicli
540 2654 584 2687 ist
603 2655 769 2687 dilectum

434 2610 490 2642 10:
517 2608 660 2650 dimitti,
684 2607 772 2641 voll-

842 2238 959 2272 1111110,
981 2239 1008 2280 j.
1035 2238 1216 2281 ilignone.
1249 2238 1282 2270 111
1316 2248 1421 2280 unge
1429 2237 1535 2270 under

843 2284 867 2315 (i
873 2284 1001 2327 egend.
1037 2283 1132 2318 Serv
1169 2283 1211 2317 ad
1244 2285 1530 2322 Aen.1o,184;

843 2330 942 2363 (irav.
970 2330 1056 2363 wird
1081 2330 1156 2363 eine
1182 2329 1461 2373 Biirgercolouie.
1488 2349 1533 2353 —

842 2376 896 2418 tle,
909 2378 941 2417 4,
957 2378 1011 2412 56.
1026 2378 1135 2414 6;10.
1151 2378 1204 2418 39,
1220 2379 1249 2408 2.
1262 2395 1306 2399 —-
1324 2374 1470 2417 Tar-(hs
1456 2402 1481 2408 ,.
1499 2378 1529 2416 7,

842 2424 895 2464 22,
922 2422 995 2455 also
1021 2433 1083 2455 vor
1108 2422 1225 2465 langer
1251 2421 1336 2454 Zeit.
1354 2440 1398 2445 —
1421 2423 1532 2463 quina

841 2471 918 2505 etc„
944 2467 1013 2510 vgl.
1041 2470 1095 2505 39.
1118 2471 1173 2502 44.
1203 2469 1257 2502 10:
1284 2467 1328 2500 ib.
1355 2469 1411 2508 55,
1431 2470 1460 2500 7.
1486 2487 1532 2491 —

843 2514 950 2557 Culp„
976 2524 1004 2547 c..
1032 2516 1072 2548 35
1087 2528 1093 2551 ;
1109 2515 1231 2555 39,4·2.
1253 2533 1296 2537 -
1315 2513 1450 2554 Claud„
1476 2515 1530 2556 39,

840 2562 895 2602 32,
911 2563 949 2594 5:
979 2559 1052 2593 ClL.
1068 2559 1090 2593 1.
1107 2571 1138 2603 p.
1155 2561 1221 2593 279
1238 2570 1268 2593 11,
1284 2559 1345 2592 lx:
1372 2560 1408 2592 P.
1429 2559 1531 2592 Clau-

841 2607 921 2639 dius
945 2607 1012 2648 Ap.
1037 2605 1066 2645 f.
1090 2607 1127 2639 Ρ.
1154 2617 1189 2638 72.
1207 2606 1361 2639 Pulcher
1387 2605 1531 2638 colonos

841 2652 1093 2695 adscripsit
1135 2651 1263 2685 Cales
1305 2662 1388 2685 cos‘.
1437 2662 1528 2685 cum

1212 2710 1278 2742 11*
