1747 2844
192 81 272 120 166

598 81 907 116 LlBER-XXXXII.
955 81 1048 115 CAP.
1074 84 1128 117 64.
1155 86 1208 118 65.

1472 101 1497 122 ει.
1515 102 1545 122 ιι.
1564 94 1627 123 583.

189 198 295 237 tibus
317 197 476 236 tumulis
501 197 697 249 equitatus
717 198 848 249 regius
869 209 958 237 cum
988 197 1060 237 levi
1082 203 1279 237 armatura
1298 197 1405 238 visus
1424 197 1626 250 ingentem

189 254 399 294 tumultum
421 254 526 293 fecit.
576 254 702 306 pridie
724 267 795 307 per
814 254 1018 294 meridiem
1047 255 1213 307 profecti
1234 255 1282 295 ah
1305 254 1469 307 Sycurio
1491 262 1624 305 erant;

150 320 169 352 9
189 312 363 364 peditum
381 323 519 362 agmen
542 311 613 350 sub
636 311 763 351 lucem
786 311 1028 364 reliquerant
1043 311 1083 350 in
1106 325 1297 364 proxuma
1313 312 1489 365 planitie.
1521 313 1627 353 stetit

188 368 387 421 paulisper
408 369 447 407 in
471 368 645 416 tumulis,
678 369 765 408 elici
788 381 904 421 posse
925 374 1034 408 ratus
1054 369 1102 408 ad
1123 376 1305 421 equestre
1326 375 1523 409 certamen
1545 369 1625 409 Ro-

189 438 337 464 manos.
378 426 417 464 hi
439 432 646 477 postquam
665 425 762 465 nihil
775 426 1005 476 movebant,
1027 426 1200 478 equitem
1219 426 1362 473 mittit,
1385 427 1450 479 qui
1473 427 1626 479 pedites

135 490 173 522 10
189 483 334 521 referre
355 483 399 521 ad
424 482 630 534 Sycurium
653 483 763 534 signa
786 483 953 531 iuberet,
983 483 1067 536 ipse
1087 496 1178 522 mox
1199 484 1416 523 insecutus.
1458 484 1626 524 Romani
1675 526 1678 531 ,

188 540 337 591 equites
358 540 512 578 modico
544 540 746 579 intervallo
772 546 1003 592 sequentes,
1026 540 1151 580 sicubi
1173 553 1330 593 sparsos
1351 554 1396 580 ac
1417 541 1626 594 dissipatos

187 597 366 635 invadere
388 603 571 649 possent,
604 604 811 649 postquam
836 597 1037 637 confertos
1058 597 1165 637 abire
1187 598 1298 649 signa
1327 604 1444 651 atque
1467 598 1625 639 ordines

189 660 387 693 servantes
407 654 608 699 viderunt,
632 660 669 693 et
692 654 766 706 ipsi
789 655 828 693 in
852 661 976 694 castra
998 655 1177 694 redeunt.

117 714 165 750 65

301 711 395 750 Inde
425 711 600 750 offensus
629 712 891 763 loginquitate
920 712 1074 751 itineris
1094 725 1161 751 rex
1191 712 1238 751 ad
1258 712 1478 764 Mopselum
1500 718 1625 752 castra

186 768 328 815 movit,
352 774 388 807 et
410 768 575 808 Romani
597 769 786 808 demessis
807 769 1029 808 Crannonis
1050 769 1247 821 segetibus
1268 769 1309 808 in
1332 769 1624 809 Phalannaeum

145 831 164 864 2
185 837 319 876 agrum
344 831 560 864 transeunt.
611 826 663 864 ihi
697 839 786 865 cum
809 839 855 865 ex
876 827 1077 877 transfuga
1099 831 1309 877 cognosset
1337 839 1405 866 rex
1436 826 1521 866 sine
1543 826 1623 866 ullo

185 889 333 922 armato
365 883 559 934 praesidio
599 883 744 935 passim
779 883 954 935 vagantis
986 896 1056 936 per
1085 886 1200 935 agros
1230 883 1431 923 Romanos
1464 890 1626 932 metere,

185 952 274 978 cum
295 939 397 979 mille
418 940 629 991 equitibuS,
651 941 804 980 duobus
826 941 984 980 milibus
1001 941 1197 980 Thracum
1213 946 1252 980 et
1269 940 1516 980 Cretensium
1531 953 1625 994 pro-

184 997 309 1036 fectus
325 1028 334 1044 ,
367 1009 456 1036 cum
480 1003 670 1049 quantum
693 998 913 1037 adcelerare
935 1004 1089 1050 poterat
1111 998 1235 1038 effuso
1256 998 1412 1049 agmine
1433 998 1540 1043 isset,
1563 998 1625 1038 in-

145 1059 163 1091 3
185 1054 340 1105 proviso
363 1054 571 1105 adgressus
594 1061 649 1094 est
673 1055 885 1094 Romanos.
936 1055 1070 1095 iuncta
1090 1055 1281 1104 vehicula,
1314 1055 1501 1108 pleraque
1523 1068 1624 1095 onu-

144 1116 164 1148 4
185 1117 255 1158 sta,
278 1111 383 1150 mille
405 1111 615 1151 admodum
637 1113 859 1164 capiuntur,
882 1113 1051 1152 sescenti
1072 1112 1194 1152 ferme
1215 1113 1409 1152 homines.
1441 1113 1625 1166 praedam

185 1168 482 1207 custodiendam
503 1169 801 1221 ducendamque
823 1170 863 1208 in
883 1175 1008 1209 castra
1030 1170 1218 1209 trecentis
1232 1170 1480 1209 Cretensium
1495 1170 1624 1219 dedit3

143 1231 161 1262 5
184 1225 266 1276 ipse
289 1232 468 1264 revocato
491 1226 537 1264 ab
561 1226 681 1265 effusa
704 1227 820 1266 caede
842 1227 974 1279 equite
1004 1234 1041 1265 et
1068 1226 1230 1279 reliquis
1251 1227 1428 1279 peditum
1449 1227 1557 1267 ducit
1577 1228 1624 1267 ad

183 1282 405 1333 proximum
443 1283 702 1334 praesidium,
740 1292 846 1323 ratus
882 1284 985 1323 haud
1020 1296 1164 1335 magno
1201 1284 1417 1323 certamine
1453 1284 1625 1337 opprimi

142 1345 161 1377 6
182 1351 309 1391 posse.
348 1339 390 1377 L.
408 1339 620 1392 Pompeius
635 1341 818 1380 tribunus
833 1340 1004 1380 militum
1026 1347 1216 1393 praeerat,
1240 1341 1306 1394 qui
1328 1341 1533 1393 perculsos
1549 1342 1624 1381 mi-

182 1395 270 1435 lites
291 1397 501 1449 repentino
524 1398 695 1437 hostium
712 1398 879 1437 adventu
897 1398 936 1437 in
960 1398 1229 1450 propinquum
1248 1397 1445 1438 tumulum
1461 1399 1624 1451 recepit,

183 1452 258 1492 loci
282 1466 321 1492 se
344 1454 551 1506 praesidio,
575 1455 665 1506 quia
687 1467 852 1494 numero
876 1463 913 1494 et
933 1455 1080 1494 viribus
1102 1455 1227 1508 impar
1249 1460 1345 1506 erat,
1375 1455 1623 1496 defensurus.

142 1517 160 1547 ἰ·
182 1509 234 1549 ibi
252 1523 340 1549 cum
359 1511 396 1550 in
416 1511 552 1551 orbem
569 1512 712 1552 milites
734 1513 939 1564 coegisset,
962 1518 1005 1551 ut
1021 1512 1192 1552 densatis
1208 1512 1330 1552 scutis
1345 1512 1392 1551 ab
1407 1512 1488 1552 ictu
1503 1513 1624 1564 sagit-

180 1611 296 1644 Iustin.
324 1613 377 1652 43,
402 1615 432 1654 5,
459 1614 492 1653 4,
517 1612 581 1645 wie
609 1613 693 1645 nach
712 1613 795 1645 dum
811 1614 865 1654 29,

182 1658 212 1696 9,
239 1659 270 1697 5,
305 1657 374 1700 vgl.
401 1658 576 1700 eoelemplo
604 1660 657 1699 39,
683 1660 736 1697 39,
763 1660 794 1692 9.
822 1679 866 1682 —

180 1705 366 1735 inmineat.
394 1706 491 1743 tum„
517 1704 671 1736 Crannon
690 1704 791 1746 lagin
807 1704 867 1737 der

179 1747 275 1781 N‘ahe
309 1748 367 1781 der
399 1748 616 1791 Hiigelreihe,
652 1750 781 1783 welche
812 1750 866 1783 die

180 1793 402 1826 thessalische
428 1794 539 1827 Ebene
571 1795 865 1835 durchschneidet,

181 1849 207 1872 s.
235 1841 288 1880 32,
314 1842 346 1880 4,
371 1842 402 1873 4.
427 1859 472 1864 ——
501 1840 719 1882 visus-fec„
746 1842 810 1874 wie
837 1852 864 1874 c.

181 1886 235 1927 58,
263 1887 281 1918 3
297 1885 317 1917 f.
341 1904 385 1908 —
411 1896 475 1924 per
499 1896 595 1925 mern,
622 1889 653 1928 5,
669 1889 723 1928 32,
741 1888 777 1920 8:
803 1898 868 1929 pet·

182 1930 272 1962 idem
300 1935 455 1973 &712an
482 1931 569 1964 viell.
589 1932 632 1965 ist
657 1933 775 1968 pridie
799 1943 867 1964 me—

180 1976 274 2008 ridie
288 1976 486 2010 absichtlich
502 1977 689 2020 gemieden.
706 1997 747 2002 —
761 1981 868 2017 stetit,

181 2022 239 2055 das
264 2021 356 2064 Subj.
382 2023 425 2055 ist
458 2033 517 2056 aus
549 2023 624 2056 dem
651 2023 869 2057 Zusammen-

181 2067 291 2111 hange
316 2079 348 2100 u.
375 2071 496 2111 regins
528 2068 696 2110 deutlich,
729 2080 760 2102 u.
788 2071 868 2102 Per·-

180 2124 258 2145 seus
295 2113 376 2147 oder
418 2125 484 2146 rea:
528 2118 731 2148 zuzusetzen
776 2115 869 2148 nicht

180 2159 312 2202 nothig.
339 2179 377 2183 —
408 2161 446 2191 he·
470 2163 510 2193 st.
538 2160 596 2193 des
620 2160 668 2193 hs.
695 2165 867 2203 quattuor

181 2205 293 2246 (IIII).
317 2225 361 2228 —
385 2207 489 2247 signa
516 2217 547 2238 α.
570 2217 601 2239 ο.
626 2217 728 2249 serv„
754 2207 820 2240 wie
834 2209 866 2247 8,

183 2252 237 2287 34,
269 2253 325 2284 1οῑ
353 2262 423 2283 non
456 2253 580 2294 sigua,
615 2263 687 2284 non
723 2253 866 2285 ordines

181 2300 334 2337 servant,
361 2306 509 2340 genauer
534 2299 588 2336 24,
602 2299 656 2338 48,
676 2301 734 2331 11:
761 2300 866 2340 signa

181 2344 281 2384 sequi
310 2346 342 2374 el
371 2353 514 2374 servare
547 2344 690 2375 ordines
724 2344 866 2384 docuit,-

184 2388 237 2425 30,
264 2390 318 2428 35,
345 2390 376 2421 6.

229 2476 289 2512 65.
320 2481 414 2512 1-6.
441 2479 600 2522 ΜορεθΙ.,
626 2490 653 2513 c.
681 2483 803 2522 61,11.
823 2499 868 2505 --

183 2522 294 2562 Phua,
320 2534 346 2556 c.
374 2526 430 2566 54,
454 2527 485 2558 6.
519 2545 561 2549 —
588 2529 710 2568 quant.
744 2526 868 2565 adcel„

184 2569 238 2609 27,
264 2570 317 2609 28,
346 2571 396 2603 15.
422 2590 466 2594 —
492 2571 614 2611 effuso,
650 2576 718 2604 erst
743 2572 807 2604 seit
832 2572 865 2604 L.

936 1613 968 1645 in
1001 1612 1061 1645 der
1094 1612 1197 1646 Prosa
1225 1623 1256 1645 u.
1287 1623 1356 1646 von
1388 1612 1458 1646 ihm
1483 1613 1532 1646 oft
1565 1623 1623 1657 ge-

936 1658 1088 1695 braucht,
1114 1658 1312 1692 bezeichnet
1338 1658 1408 1692 hier
1431 1659 1465 1692 in
1479 1659 1624 1692 Verbin-

936 1705 1029 1746 dung
1043 1704 1105 1737 mit
1117 1709 1237 1747 quant.
1251 1705 1405 1747 adcel.p.
1421 1704 1474 1738 die
1484 1704 1625 1738 Schnel-

936 1750 1055 1793 ligkeit
1089 1749 1149 1783 des
1180 1749 1372 1792 Marsches‚
1413 1750 1478 1784 wie
1511 1751 1622 1792 effuso

937 1806 1062 1838 cursu,
1090 1795 1183 1828 nicht
1195 1795 1417 1839 Unordnung‚
1443 1798 1475 1836 2,
1501 1798 1556 1837 59,
1580 1798 1621 1830 8:

936 1842 1048 1882 effuso
1075 1843 1218 1882 agmine
1242 1852 1402 1879 evasere,
1436 1842 1518 1875 oder
1542 1842 1624 1876 Ver-

938 1887 1114 1929 breitung,
1149 1886 1214 1919 wie
1246 1887 1291 1919 ini
1315 1887 1478 1930 Folgend.
1505 1888 1623 1929 effusa

938 1933 1055 1973 caede,
1080 1932 1150 1975 vgl.
1176 1935 1207 1974 5,
1234 1934 1288 1975 37,
1314 1934 1353 1967 5:
1380 1934 1450 1965 late
1462 1933 1543 1973 fuso
1558 1944 1622 1976 ag-

937 1981 1041 2010 mine.
1067 1997 1111 2002 —
1136 1980 1270 2020 iuncta,
1296 1980 1349 2016 34,
1369 1983 1396 2020 1,
1412 1981 1442 2011 3.
1469 1979 1624 2012 —mz‘lle

939 2024 1043 2065 adm,
1069 2025 1124 2067 27,
1150 2026 1204 2062 30,
1230 2025 1269 2067 23
1297 2026 1421 2066 21‚36,
1443 2026 1474 2058 2.
1500 2025 1623 2060 —reL

936 2070 1107 2112 peditum,
1135 2070 1199 2102 wie
1221 2072 1342 2113 pauci,
1367 2070 1482 2112 multi,
1509 2073 1540 2110 6,
1572 2073 1622 2113 10,

938 2118 970 2155 7,
1004 2115 1119 2158 aliqui
1141 2125 1173 2147 u.
1209 2125 1238 2148 a.
1273 2115 1334 2148 mit
1369 2115 1446 2149 dem
1477 2116 1623 2157 Genitiv,

938 2161 1095 2204 obgleich
1120 2162 1241 2203 seiten,
1266 2161 1334 2204 vgl.
1361 2171 1390 2194 c.
1410 2163 1462 2204 15,
1489 2164 1542 2195 10:
1570 2173 1623 2195 ce-

938 2209 1016 2239 teri.
1040 2226 1085 2230 -——
1110 2207 1159 2239 ad
1187 2218 1241 2250 pr.
1274 2217 1404 2249 praes„
1434 2218 1463 2240 c.
1497 2209 1553 2249 49,
1585 2209 1622 2241 2:

938 2253 987 2285 ad
1024 2253 1166 2286 hostem.
1199 2272 1244 2277 —
1277 2257 1556 2295 pera-repent.
1588 2253 1622 2285 Ιι.

938 2298 1029 2339 adv.,
1063 2297 1116 2330 die
1142 2297 1391 2341 Wortstellung
1414 2298 1479 2332 wie
1510 2300 1564 2339 41,
1591 2300 1622 2341 5,

941 2345 976 2382 1;
1004 2345 1058 2385 36,
1084 2345 1138 2385 31,
1167 2345 1218 2377 10.

984 2391 1083 2422 7--8.
1109 2391 1146 2421 in
1172 2390 1404 2430 orb.—eoeg.,
1429 2388 1478 2422 sie
1492 2398 1622 2422 zusam—

937 2434 1184 2478 mengedriingt
1199 2434 1303 2473 hatte,
1316 2444 1354 2467 so
1368 2433 1447 2467 dass
1460 2434 1509 2468 sie
1522 2435 1620 2468 einen

937 2480 1034 2513 Kreis
1059 2480 1218 2519 bildeten‚
1244 2479 1313 2523 vgl.
1340 2482 1371 2521 4,
1387 2481 1492 2521 39‚4;
1517 2481 1550 2522 2,
1566 2483 1622 2522 50,

939 2528 974 2564 Ἲς
1002 2528 1100 2567 ’7,37,
1115 2527 1145 2560 8.
1169 2544 1214 2549 --
1240 2525 1396 2558 densatis
1419 2525 1483 2559 wie
1500 2527 1552 2567 10,
1567 2527 1622 2566 29,

938 2575 975 2609 ὃς
1003 2570 1124 2605 anders
1150 2573 1202 2614 34,
1219 2572 1272 2614 39,
1293 2573 1323 2605 6.
1349 2591 1393 2595 -
1417 2573 1504 2614 ictu,
1529 2571 1624 2606 nicht
