1747 2844
213 97 293 136 182

651 97 777 131 LIBER
800 97 935 132 XXXX.
973 98 1066 132 GAP.
1093 100 1147 133 38.
1175 100 1228 133 39.

1482 117 1509 139 a.
1528 117 1557 137 u.
1576 111 1641 137 574.

206 227 307 262 ru-m,
331 214 420 265 quia
437 225 510 252 nec
527 213 631 265 quod
648 213 816 252 serretur
832 226 961 265 neque
975 214 1082 265 quod
1099 214 1310 254 duceretur
1331 219 1486 266 captum
1508 227 1638 266 neque

208 271 311 323 quod
333 270 521 310 militibus
543 270 701 310 daretur
723 271 932 322 quicquam
954 271 994 309 in
1015 271 1226 323 triumphis
1248 283 1384 311 eorum
1404 271 1543 313 fuerat.

144 329 193 365 39

321 328 468 367 Eodem
498 340 602 367 anno
632 327 672 366 in
698 327 885 379 Hispania
906 327 1065 367 Fulvius
1085 328 1249 367 Flaccus
1278 328 1517 380 proconsul,
1548 328 1639 380 quia

205 397 410 424 successor
431 384 471 423 in
493 385 733 436 provinciam
755 385 903 439 tardius
923 385 1120 434 veniebat,
1151 385 1291 425 educto
1315 385 1488 425 exercitu
1511 397 1557 425 ex
1576 385 1638 424 hi-

203 442 338 481 bernis
369 442 597 481 ulteriorem
628 441 856 481 Celtiberiae
888 453 1048 492 agrum,
1079 443 1183 482 unde
1215 442 1262 481 ad
1289 442 1526 481 deditionem
1557 454 1638 481 non

163 504 182 536 2
201 504 407 548 venerant,
429 498 569 538 institit
588 504 750 538 vastare.
793 511 868 550 qua
889 511 932 538 re
953 499 1116 539 irritavit
1136 499 1259 551 magis
1281 512 1397 551 quam
1419 499 1640 539 conterruit

203 556 354 596 animos
370 555 638 614 barbarorum,
663 561 700 595 et
717 555 816 595 clam
833 555 1067 608 comparatis
1083 557 1207 608 copiis
1228 557 1366 596 saltum
1384 556 1638 605 Manlianum,

203 625 272 665 per
296 625 411 665 quem
433 614 691 652 transiturum
713 612 928 652 exercitum
949 612 1170 652 Romanum
1192 613 1284 652 satis
1305 613 1500 662 sciebant,
1523 613 1639 652 obse-

162 676 180 708 3
202 670 357 709 derunt.
400 670 437 709 in
460 669 687 722 Hispaniam
717 670 946 709 ulteriorem
972 670 1081 709 eunti
1103 670 1145 709 L.
1167 669 1370 709 Postumio
1393 670 1534 710 Albino
1558 669 1639 710 col-

200 727 310 779 legae
328 727 527 766 Gracchus
542 727 802 776 mandaverat,
825 732 868 766 ut
884 726 928 773 Q.
947 726 1123 766 Fulvium
1142 727 1350 766 certiorem
1367 727 1525 776 faceret,
1543 727 1639 766 Tar-

160 790 180 822 4
200 796 385 823 raconem
408 784 620 823 exercitum
642 784 872 823 adduceret:
896 783 949 822 ibi
971 783 1110 823 dimitti
1134 789 1360 833 veteranos,
1383 784 1639 836 supplemen-

199 847 316 893 taque
338 841 572 880 distribuere
595 847 633 880 et
663 841 844 880 ordinare
877 853 1033 880 omnem
1064 841 1276 880 exercitum
1302 853 1387 880 sese
1407 841 1517 880 velle.
1558 841 1640 880 dies

202 911 381 950 quoque,
412 905 449 938 et
479 911 521 937 ea
543 898 788 950 propinqua,
819 898 920 937 edita
940 898 1078 937 Flacco
1101 905 1181 946 est,
1214 910 1289 949 qua
1311 910 1517 937 successor
1538 902 1642 937 esset

161 962 180 994 5
201 962 403 994 venturus.
454 956 549 994 haec
579 968 677 994 nova
706 955 830 994 adlata
855 967 917 995 res
939 955 1114 1001 omissis,
1150 968 1250 1006 quae
1270 967 1385 1006 agere
1406 955 1641 1004 instituerat,

200 1012 383 1051 Flaccum
405 1012 546 1064 raptim
570 1013 764 1052 deducere
786 1012 999 1051 exercitum
1022 1025 1068 1051 ex
1090 1011 1296 1052 Celtiberia
1323 1024 1413 1051 cum
1434 1012 1641 1063 coegisset,

198 1069 353 1108 barbari
375 1082 515 1109 causae
537 1070 676 1121 ignari,
699 1081 808 1108 suam
831 1069 1090 1109 defectionem
1114 1074 1151 1108 et
1172 1069 1271 1109 clam
1292 1074 1514 1121 comparata
1535 1081 1641 1109 arma

199 1126 369 1166 sensisse
392 1138 481 1166 eum
504 1133 542 1166 et
562 1127 812 1178 pertimuisse
836 1126 933 1172 rati,
965 1139 1009 1166 eo
1040 1126 1212 1166 ferocius
1233 1127 1374 1166 saltum
1396 1126 1641 1166 insederunt.

198 1205 333 1236 hostiae
358 1204 390 1236 cl.
417 1204 502 1236 nach
520 1203 586 1246 Mg.
607 1206 646 1236 st.
668 1204 727 1236 des
754 1204 803 1236 hs.
823 1205 883 1235 Izo-

199 1253 266 1281 stes
284 1250 391 1287 ducti,
410 1250 560 1282 welches
580 1250 689 1282 neben
706 1260 770 1281 nec
790 1250 885 1292 quod

199 1296 389 1327 duceretur
407 1299 548 1338 captum
565 1295 655 1327 1110111
676 1295 799 1337 richtig
813 1295 884 1327 sein

196 1340 305 1378 kamn
332 1341 431 1374 Gron.
458 1351 561 1373 verm.
581 1341 716 1373 obsides
733 1341 841 1382 ducti,
859 1351 885 1373 s.

198 1388 251 1427 34,
274 1388 334 1424 52,
358 1388 396 1419 9:
439 1388 574 1418 hostiae
598 1387 725 1427 (luctae
750 1390 784 1418 et
807 1390 888 1418 ante

196 1442 343 1464 currum
371 1452 415 1455 —
444 1433 600 1471 obsides-5
624 1434 679 1473 45,
698 1434 751 1472 39,
774 1433 822 1464 12.
845 1451 889 1455 —-

197 1478 344 1519 quocl—
360 1478 599 1519 quod—quod
610 1480 650 1510 st.
667 1477 726 1510 des
738 1478 788 1510 hs.
805 1478 893 1519 quid

196 1524 328 1556 scheint
353 1533 474 1566 wegen
493 1524 684 1565 quidquam
702 1523 831 1566 nothig.
846 1542 890 1546 —

195 1568 354 1607 ferretur
377 1568 485 1602 Beute
511 1569 571 1602 aus
586 1568 717 1611 Wagen
735 1569 816 1602 oder
833 1579 890 1611 ge-

198 1618 332 1657 tragem
371 1615 489 1647 duce-7².
527 1614 715 1657 gesa1igene
752 1615 888 1656 Feinde,

197 1662 251 1695 31.
273 1662 326 1701 49,
350 1662 387 1693 3:
429 1671 493 1692 nec
533 1662 666 1703 captivi
702 1660 769 1692 ulli
809 1664 889 1692 ante

198 1716 344 1738 currum
370 1706 469 1737 (laeti
483 1717 596 1747 neque
619 1706 732 1748 spolia
747 1707 889 1748 praela-

198 1755 243 1784 ta.
255 1771 296 1774 —
307 1750 431 1790 fuerat
447 1751 480 1783 in
496 1751 611 1793 Bezug
625 1751 684 1784 auf
696 1753 893 1794 triumplia-

195 1800 297 1838 rzmt,
330 1796 388 1829 der
412 1797 534 1830 vorher
566 1797 798 1839 eingetrelene
823 1797 892 1830 und

198 1842 368 1875 dauernde
394 1842 553 1879 Zustand,
580 1853 604 1875 s.
633 1853 659 1875 c.
693 1844 741 1882 12,
757 1844 786 1875 3.

241 1886 402 1922 39—40.
428 1887 529 1930 Krieg
552 1888 585 1919 in
604 1887 798 1931 Hispanien‚
824 1888 893 1931 Ap-

198 1933 275 1977 pian
301 1933 384 1966 Iber.
411 1934 463 1966 42.

249 1981 342 2013 1—4.
367 1989 544 2021 procons„
570 1990 597 2011 (·.
617 1980 671 2019 30,
686 1980 715 2011 4.
732 1998 772 2001 -
788 1979 892 2012 ulter.

198 2025 317 2058 weiter
349 2024 436 2057 nach
468 2024 609 2057 Westen
639 2024 720 2057 oder
744 2024 891 2066 Norden,

197 2072 319 2111 39,21,
337 2073 367 2103 6.
391 2089 438 2094 -—
462 2070 509 2102 ad
536 2070 654 2111 dedit„
677 2069 892 2112 gekommen,

197 2126 254 2149 um
278 2116 349 2149 sich
368 2126 409 2148 zu
427 2115 667 2156 unterwerfen,
693 2115 813 2148 anders
831 2115 890 2149 das

197 2161 434 2205 gewohnliche
459 2163 497 2193 in
522 2162 736 2193 deditionem
760 2165 891 2194 venire.

196 2227 240 2231 ——
264 2209 375 2240 instit.
400 2211 497 2247 vast„
523 2217 547 2239 s.
575 2217 602 2239 0.
622 2210 653 2247 5,
669 2211 706 2245 ὃς
733 2209 787 2248 35,
807 2210 855 2249 11,
871 2210 889 2242 3

197 2265 229 2286 u.
248 2264 275 2286 a.
302 2273 347 2276 —
370 2253 447 2285 salt.
474 2252 581 2294 Man„
607 2253 891 2286 wahrscheinlich

198 2298 251 2331 die
271 2298 380 2332 Sierra
406 2298 446 2331 de
465 2297 671 2341 Guadelope,
697 2299 765 2341 vgl.
784 2298 891 2332 Ukert

197 2346 277 2382 279;
305 2344 386 2377 oder
411 2344 464 2377 ein
482 2343 581 2377 Theil
606 2344 715 2376 dieser
732 2344 890 2387 Gebirgs-

198 2390 339 2432 gegend.
364 2409 409 2413 —ss
432 2391 518 2422 satis
541 2392 614 2431 sci„
633 2391 686 2429 39,
705 2391 759 2429 49,
774 2391 805 2427 8,
819 2390 888 2433 vgl.

198 2445 224 2467 c.
244 2437 296 2477 31,
315 2438 341 2468 1.
360 2455 404 2458 —
423 2435 512 2467 clam
536 2455 580 2459 —
598 2436 710 2468 obsed.
731 2436 890 2469 schliesst

197 2480 269 2512 sich
306 2480 410 2513 durch
447 2480 506 2513 das
543 2481 741 2514 erklarende
779 2485 813 2513 et
847 2491 889 2514 an

198 2525 444 2567 barbarorum,
482 2527 573 2559 nicht
611 2537 653 2559 an
691 2526 750 2560 das
792 2526 888 2568 Subj.

197 2569 256 2602 des
281 2571 436 2614 vorherg.
471 2570 590 2605 Satzes
624 2582 675 2605 an.
703 2592 746 2596 —
774 2572 890 2614 ulter„

942 1214 983 1236 zu
1010 1203 1120 1236 dieser
1146 1204 1287 1246 gehorte
1306 1203 1511 1236 Celtiberien
1536 1203 1641 1245 nicht,

944 1260 968 1281 s.
996 1250 1049 1289 39,
1064 1251 1118 1291 21,
1133 1252 1162 1282 δ,
1181 1268 1225 1273 -
1247 1249 1403 1291 Τανναο.,
1430 1249 1494 1282 wie
1519 1251 1572 1289 26,
1590 1251 1641 1291 17,

945 1296 982 1331 2;
1010 1296 1064 1336 22,
1079 1296 1120 1327 22
1135 1306 1167 1328 u.
1187 1305 1227 1335 a.,
1246 1294 1530 1327 wahl-scheinlich
1547 1295 1642 1328 hatte

946 1340 999 1373 die
1033 1340 1097 1372 den
1130 1340 1276 1373 Romern
1310 1341 1415 1373 sehon
1449 1340 1548 1382 lange
1585 1340 1645 1373 be-

948 1385 1127 1418 freuudete
1153 1385 1252 1418 Stadt
1287 1386 1362 1419 eine
1388 1386 1555 1419 romische
1580 1385 1644 1419 Be-

947 1435 1091 1473 satzung
1125 1442 1150 1465 s.
1185 1431 1258 1464 CIL.
1292 1431 1328 1464 11.
1355 1442 1386 1474 p.
1413 1433 1489 1465 539.
1514 1450 1559 1455 —-
1583 1432 1645 1464 ad-

949 1477 1103 1519 duceret,
1145 1487 1171 1510 s.
1213 1477 1307 1510 Caes.
1348 1476 1386 1510 B.
1428 1476 1465 1510 G.
1507 1479 1538 1519 3,
1554 1480 1585 1519 5,
1601 1479 1642 1511 3:

948 1522 1076 1554 milites
1115 1524 1282 1555 certiores
1319 1521 1419 1564 facit,
1458 1523 1644 1566 paulisper

947 1570 1223 1600 intermitterent
1242 1568 1438 1611 proelium5
1472 1568 1537 1602 Cic.
1572 1568 1643 1602 Att.

949 1615 980 1651 2,
995 1615 1101 1655 24,2;
1146 1614 1214 1657 vgl.
1254 1614 1287 1646 L.
1331 1615 1360 1656 1,
1379 1615 1484 1655 31,3:
1526 1624 1646 1647 vocem

948 1659 1086 1701 audire,
1110 1663 1171 1700 (ιι,
1196 1662 1227 1701 3,
1241 1661 1272 1700 6,
1296 1662 1325 1693 5.
1352 1671 1383 1693 u.
1409 1670 1441 1693 V.
1468 1669 1496 1693 a.
1518 1678 1568 1684 —
1593 1660 1646 1693 di-

946 1706 1050 1746 mitti,
1075 1705 1161 1738 nach
1187 1705 1262 1738 dem
1288 1704 1591 1739 Senatsbeschluss
1615 1715 1643 1739 0.

950 1752 1005 1791 36,
1037 1753 1096 1789 1ος
1145 1750 1286 1784 deshalb
1328 1750 1645 1793 gemeinschaftlich

949 1796 1010 1829 mit
1028 1796 1167 1829 Fulvius
1193 1807 1220 1829 c.
1247 1798 1377 1838 40,14;
1403 1796 1463 1829 das
1484 1796 1566 1838 folg.
1594 1796 1645 1829 di-

947 1843 1123 1873 stribuere
1147 1853 1178 1874 u.
1204 1842 1375 1874 ordinare
1397 1841 1574 1874 bestimmt
1610 1852 1646 1875 er

950 1886 1057 1929 selbst
1081 1887 1150 1920 und
1165 1887 1284 1925 allein3
1310 1886 1394 1919 iiber
1407 1887 1470 1920 den
1484 1887 1647 1921 Wechsel

950 1931 1009 1965 des
1034 1932 1092 1965 inf.
1109 1936 1171 1966 act.
1186 1932 1255 1966 und
1269 1943 1358 1976 pass,
1373 1943 1399 1966 s.
1416 1934 1469 1974 39,
1491 1934 1541 1974 14,
1556 1935 1585 1967 6.
1601 1952 1647 1958 —-

950 1979 1107 2019 distrib„
1143 1981 1243 2011 unter
1280 1978 1333 2011 die
1367 1978 1645 2012 ‘verschiedenen

949 2022 1226 2066 Truppentheile.
1240 2043 1285 2047 —-
1302 2024 1484 2066 ordinare,
1495 2026 1549 2066 29,
1570 2026 1599 2066 1,
1616 2027 1646 2058 1.

949 2088 991 2093 —
1018 2069 1122 2111 edila,
1149 2080 1175 2103 c.
1202 2071 1310 2112 45,5;
1336 2072 1390 2112 41,
1408 2072 1459 2111 13,
1475 2072 1506 2104 3.

995 2117 1094 2148 5-8.
1119 2126 1211 2148 nova
1237 2115 1282 2148 al.
1307 2126 1374 2157 res,
1399 2115 1467 2158 vgl.
1494 2117 1525 2157 2,
1549 2118 1580 2157 7,
1609 2117 1644 2149 1:

950 2162 1079 2193 omissa
1092 2163 1201 2194 insita
1214 2172 1254 2193 re
1275 2163 1302 2203 1,
1315 2162 1370 2203 21,
1385 2164 1398 2194 1
1411 2174 1418 2194 ε
1435 2162 1579 2194 assidua
1591 2163 1645 2193 in-

948 2206 1065 2238 sidens
1101 2208 1209 2247 cm·a',·
1246 2208 1300 2247 42,
1337 2208 1391 2248 63,
1417 2208 1436 2240 9
1468 2217 1500 2240 u.
1538 2216 1566 2239 a.
1605 2225 1646 2230 —

949 2253 1095 2294 omissis,
1121 2263 1146 2285 s.
1178 2254 1231 2293 39,
1255 2253 1377 2293 54,13.
1414 2270 1454 2276 —
1490 2262 1646 2295 compar.

949 2308 1037 2330 arm.
1087 2297 1146 2330 das
1203 2298 1258 2331 ein
1305 2297 1525 2331 Abstractum
1572 2308 1647 2330 ver-

948 2343 1101 2376 tretende
1131 2342 1253 2376 Partic.
1291 2342 1402 2375 neben
1433 2343 1543 2385 einen)
1577 2344 1648 2376 ein-

948 2388 1069 2421 fachen
1095 2387 1209 2422 Subst.
1243 2388 1309 2420 wie
1342 2398 1369 2421 0.
1405 2390 1511 2431 35,4;
1539 2391 1645 2431 54,3;

948 2436 1002 2475 39,
1018 2436 1124 2472 26,3;
1152 2435 1307 2473 5,10,10
1332 2444 1363 2467 u.
1393 2444 1421 2467 a.
1448 2455 1492 2460 —
1517 2445 1556 2467 eo
1580 2433 1647 2474 fer.

947 2491 974 2512 s.
999 2479 1110 2512 insed.
1137 2479 1218 2522 geht
1243 2478 1303 2512 auf
1325 2478 1345 2522 ξ
1371 2481 1409 2513 2:
1436 2481 1650 2513 obsederunt

949 2524 1094 2563 zu1·1'ick;
1121 2525 1207 2558 doch
1233 2525 1277 2558 ist
1295 2524 1348 2557 die
1367 2524 1539 2560 Situation
1552 2525 1646 2559 nicht

948 2570 1032 2611 klar,
1065 2570 1106 2603 da
1141 2570 1194 2604 die
1221 2573 1309 2604 erste
1337 2569 1442 2605 Stelle
1479 2571 1552 2605 sich
1590 2570 1650 2605 auf
