1747 2844
218 84 300 125 178

655 85 780 119 LIBER
803 85 938 119 XXXX.
987 85 1080 120 CAP.
1107 87 1160 120 36.
1187 88 1239 121 37.

1493 105 1520 125 a.
1540 105 1569 125 u.
1587 99 1648 124 574.

219 203 478 242 ducentorum
501 200 677 252 peditum
702 213 791 239 cum
813 201 1010 252 equitibus
1032 202 1329 253 quadringentis
1350 201 1533 241 consules
1553 202 1651 241 scri-

217 259 311 299 bere
328 259 437 305 iussi,
460 263 496 297 et
514 257 620 296 mille
640 265 842 309 praeterea
863 258 1040 309 peditum
1059 258 1340 307 Romanorum,
1364 258 1652 310 quinquaginta

177 322 197 354 9
218 316 386 367 equites,
410 322 447 354 et
467 314 585 353 sociis
606 314 778 354 nominis
799 314 928 354 Latini
949 315 1141 366 imperare
1163 323 1314 367 septem
1334 315 1440 354 milia
1460 315 1650 367 peditum,

217 378 413 411 trecentos
445 371 608 423 equites.
651 384 739 411 cum
766 372 842 410 hoc
863 372 1036 411 exercitu
1057 372 1116 411 Ti.
1139 373 1419 424 Sempronium
1440 373 1498 411 ire
1519 372 1559 412 in
1581 372 1651 411 Hi-

158 436 195 468 10
217 429 393 481 spaniam
410 428 557 480 placuit
572 428 824 467 citeriorem(
845 428 889 474 Q.
913 428 1048 467 Fulvio
1071 430 1321 480 permissum,
1342 435 1398 477 ut,
1421 428 1489 480 qui
1510 429 1652 468 milites

216 492 305 525 ante
327 485 394 537 Sp.
417 485 664 524 Postumium
687 485 732 531 Q.
758 485 947 524 Marcium
979 486 1162 525 consules
1192 486 1293 525 cives
1315 486 1481 525 Romani
1509 486 1652 525 sociive

217 543 257 582 in
280 542 506 594 Hispaniam
537 542 791 593 transportati
821 548 973 589 essent,
1005 548 1043 581 et
1063 549 1263 594 praeterea
1285 544 1562 595 supplemento
1583 542 1652 582 ad-

217 600 347 647 ducto,
365 611 443 650 quo
461 594 627 650 amplius
639 602 680 638 in
696 599 847 638 duabus
861 599 1083 649 legionibus
1095 612 1210 651 quam
1228 600 1362 639 decem
1379 600 1484 639 milia
1501 606 1539 639 et
1555 612 1651 651 qua-

159 664 193 696 11
217 656 415 707 dringenti
431 656 594 708 pedites,
617 656 790 695 sexcenti
808 656 959 707 equites
976 663 1121 705 essent,
1144 663 1182 696 et
1202 657 1353 696 socium
1374 657 1503 697 Latini
1524 656 1653 696 nomi-

216 714 279 753 nis
301 713 505 752 duodecim
527 713 646 761 milia,
667 713 839 752 sexcenti
863 713 1028 764 equites,
1054 726 1224 764 quorum
1245 713 1335 753 forti
1357 726 1477 766 opera
1498 713 1653 753 duobus

217 771 401 810 adversus
424 769 641 809 Celtiberos
662 769 824 821 proeliis
846 782 943 809 usus
965 770 1010 816 Q.
1032 770 1192 810 Fulvius
1214 776 1342 818 esset,
1374 783 1462 818 eos,
1494 770 1526 809 si
1546 769 1653 809 vide-

158 836 195 868 12
217 834 339 874 retur,
363 839 495 866 secum
513 827 750 878 deportaret.
783 834 820 866 et
836 827 1145 878 supplicationes
1166 827 1358 874 decretae,
1381 827 1485 878 quod
1506 827 1540 866 is
1561 839 1654 879 pro-

219 896 332 936 spere
363 897 443 923 rem
475 884 672 935 publicam
704 884 908 935 gessisset,
941 889 978 923 et
1005 885 1123 924 ceteri
1149 890 1351 935 praetores
1372 884 1412 922 in
1434 883 1655 936 provincias

158 949 195 981 13
217 941 339 980 missi.
369 941 413 987 Q.
430 940 549 979 Fabio
566 940 734 980 Buteoni
756 948 1012 993 prorogatum
1033 941 1074 980 in
1092 941 1212 980 Gallia
1234 940 1443 992 imperium
1461 947 1532 980 est.
1565 947 1655 979 octo

218 998 394 1050 legiones
411 1003 568 1049 praeter
585 998 798 1037 exercitum
820 1003 1001 1047 veterem,
1027 998 1094 1050 qui
1116 999 1155 1037 111
1172 998 1385 1049 Liguribus
1407 997 1447 1037 in
1469 1009 1540 1049 spe
1560 1010 1654 1050 pro-

159 1063 197 1095 14
217 1056 367 1108 pinqua
386 1054 587 1094 missionis
610 1061 712 1103 erat,
744 1067 790 1093 eo
808 1067 912 1094 anno
935 1067 1020 1094 esse
1042 1055 1200 1106 placuit.
1243 1060 1279 1094 et
1300 1055 1333 1094 is
1354 1055 1439 1106 ipse
1461 1055 1656 1094 exercitus

217 1124 332 1163 aegre
355 1112 584 1163 explebatur
604 1118 769 1163 propter
790 1112 1074 1163 pestilentiam,
1108 1124 1207 1163 quae
1228 1111 1388 1151 tertium
1410 1111 1485 1151 iam
1506 1123 1656 1151 annum

219 1169 358 1209 urbem
380 1168 594 1207 Romanam
617 1174 732 1219 atque
754 1168 902 1208 Italiam
925 1169 1107 1208 vastabat.

334 1225 495 1264 Praetor
515 1225 573 1264 Ti.
596 1225 795 1264 Minucius
825 1231 862 1264 et
890 1226 992 1264 haud
1016 1225 1068 1264 ita
1089 1225 1212 1264 multo
1235 1231 1326 1277 post
1347 1225 1486 1264 consul
1508 1223 1548 1263 C.
1571 1223 1657 1263 Cal-

219 1282 388 1335 purnius
420 1283 587 1321 moritur
616 1282 807 1333 multique
837 1282 900 1322 alii
932 1283 1108 1321 omnium
1139 1283 1322 1321 ordinum
1353 1282 1540 1321 inlustres
1569 1282 1654 1321 viri.

178 1349 196 1380 2
218 1346 418 1392 postremo
448 1339 618 1391 prodigii
649 1339 736 1378 1000
760 1351 801 1378 03
825 1340 952 1378 clades
974 1339 1108 1377 haberi
1132 1345 1269 1390 coepta
1292 1345 1362 1378 est.
1406 1338 1444 1378 C.
1468 1338 1657 1378 Servilius

218 1396 397 1448 pontifex
412 1396 603 1435 maximus
625 1396 778 1447 piacula
800 1396 879 1436 irae
895 1396 1010 1436 deum
1028 1396 1264 1447 conquirere
1281 1396 1426 1443 iussus,
1449 1395 1657 1434 decemviri

219 1453 342 1492 libros
359 1454 569 1505 inspicere,
593 1453 732 1492 consul
749 1453 921 1504 Apollini
938 1452 1170 1504 Aesculapio
1194 1453 1316 1492 Saluti
1339 1452 1441 1491 dona
1461 1464 1599 1491 vovere
1621 1459 1660 1492 et

219 1556 402 1595 scriberet,
421 1564 510 1585 eam
523 1564 602 1595 que
621 1554 845 1595 legionem
861 1573 905 1577 —

221 1603 257 1633 in
273 1600 480 1633 Sardiniam
495 1600 729 1632 traiciendam
744 1603 907 1639 curaret,-

222 1646 309 1679 doch
334 1646 376 1677 ist
405 1645 457 1678 die
476 1644 556 1677 Zahl
583 1645 642 1677 der
663 1644 777 1677 Reiter
802 1655 906 1687 unge-

220 1691 404 1731 wtihnlich,
431 1690 557 1722 01101150
584 1692 637 1723 22.
653 1693 706 1724 36.
723 1693 759 1727 ὃς
779 1692 831 1724 42.
851 1693 904 1724 31.

222 1739 259 1770 2:
287 1739 398 1778 quina
422 1736 522 1767 milia
548 1739 581 1767 et
612 1736 741 1768 (laconi
774 1738 908 1778 equites

222 1794 267 1815 ew
293 1785 404 1813 vetere
438 1783 617 1822 instituto,
651 1783 705 1822 45,
732 1783 782 1814 16.
806 1783 836 1814 3.
864 1800 903 1804 —-

222 1828 380 1860 consules
401 1832 477 1861 010..
503 1828 556 1860 32.
575 1828 604 1859 S.
621 1829 650 1859 6.
676 1846 720 1849 —
745 1830 779 1858 et
800 1829 906 1858 sociis

221 1885 255 1905 n.
281 1873 319 1905 L.
352 1873 437 1905 nach
468 1872 602 1914 einigeu
627 1871 736 1913 Hdss„
768 1874 857 1904 socii
889 1884 906 1903 e

221 1921 364 1951 nomine
396 1918 546 1959 Latino,
586 1918 650 1950 wie
688 1917 906 1959 gewdhnlich

223 1965 361 2007 gelesen
386 1963 487 1996 wird.
514 1963 644 1995 scheint
671 1963 704 1995 L.
732 1963 822 1995 nicht
850 1973 906 2005 ge-

222 2009 725 2049 1113110111Ζι11131)011,5.41.8,9;
743 2010 797 2049 22,
809 2010 862 2042 38.
880 2012 904 2041 l.

273 2057 414 2088 10—14.
442 2055 500 2097 Sp.
523 2055 614 2086 Post.
641 2059 716 2086 etc..
743 2054 815 2086 also
841 2054 904 2086 seit

226 2104 244 2135 6
270 2100 413 2139 Jahren,
439 2111 464 2133 s.
492 2102 545 2134 39.
561 2102 590 2133 6.
617 2118 662 2122 —
686 2099 836 2131 adducto
862 2116 907 2128 =

220 2150 411 2190 postquam
428 2146 480 2179 od.
499 2147 530 2177 si
554 2145 744 2177 adductam
768 2144 905 2183 fnisset.

225 2212 269 2216 -
294 2203 373 2234 qno,
398 2201 455 2224 um
480 2191 546 2223 wie
572 2190 638 2223 1-101
665 2191 759 2223 mehr
784 2190 852 2224 als.
879 2202 904 2223 s.

227 2240 280 2279 34,
296 2240 326 2273 6.
346 2240 384 2270 1-1
403 2248 434 2270 u,
454 2247 494 2271 3..
521 2236 581 2269 auf
596 2236 747 2279 {anplius
771 2236 906 2269 bezieht

227 2283 299 2316 sich
332 2293 446 2325 quam.
480 2284 519 2314 in
552 2282 656 2314 duab.
692 2282 723 2323 l.‚
758 2283 821 2314 wie
853 2283 905 2321 39,

228 2331 280 2362 33.
307 2331 357 2369 11,
383 2328 450 2370 vgl.
476 2330 530 2369 43,
559 2329 605 2360 12.
629 2329 659 2360 4.
693 2347 736 2351 —
769 2338 838 2360 soe.
874 2338 904 2360 n.

226 2375 403 2416 peditam,
438 2384 510 2406 was
537 2383 596 2405 aus
622 2375 754 2415 equites
780 2372 911 2413 erhellt,

230 2430 254 2451 s.
284 2430 310 2452 c.
340 2420 391 2452 13.
408 2421 427 2451 6
453 2431 484 2452 u.
512 2429 539 2452 a.
589 2418 683 2451 Nach
708 2419 829 2460 Abzug
855 2418 912 2450 der

229 2464 349 2496 beiden
375 2464 435 2496 mit
462 2466 523 2506 qui
546 2483 590 2487 —-
615 2467 727 2496 essent
749 2464 818 2496 und
843 2474 911 2506 qno

230 2529 274 2532 -
292 2520 373 2540 usus
398 2514 485 2541 esset
507 2509 750 2542 bezeiclineten
768 2509 911 2542 Klassen

231 2554 365 2587 hle-iheu
392 2555 463 2587 also
489 2566 551 2587 nur
575 2556 662 2588 4200
689 2554 812 2588 Romer
843 2553 911 2587 und

977 1555 1066 1586 5000
1100 1553 1182 1585 socii
1216 1563 1285 1586 von
1318 1552 1395 1585 dem
1428 1552 1519 1585 alten
1550 1552 1658 1585 Heere

976 1598 1114 1631 zuriick.
1128 1618 1174 1622 —
1188 1609 1340 1640 quornm
1354 1598 1485 1631 euthalt
1502 1598 1577 1631 eine
1594 1597 1659 1630 Be-

977 1644 1194 1686 schr'ankung
1233 1644 1293 1676 des
1332 1643 1563 1686 Vorhergeh.:
1605 1643 1659 1676 (lie

976 1690 1088 1723 naml..
1116 1689 1256 1722 welche.
1275 1709 1321 1713 -
1339 1689 1377 1730 Q.
1401 1689 1519 1731 Fulv„
1543 1689 1594 1722 als
1612 1689 1655 1722 ob

977 1735 1068 1768 nicht
1104 1735 1142 1776 Q.
1167 1735 1299 1767 Fulvio
1332 1735 1588 1777 vorhergienge.
1613 1753 1660 1758 —-

975 1783 1007 1812 si
1032 1781 1151 1821 vider„
1177 1791 1202 1813 s.
1230 1782 1261 1821 6,
1284 1782 1338 1816 25,
1366 1781 1403 1813 2:
1428 1782 1460 1812 si
1483 1780 1659 1821 videatur,

976 1826 1212 1868 gewohnlich:
1246 1827 1278 1857 si
1307 1827 1340 1857 ez·
1370 1826 1570 1867 videretur,
1604 1827 1659 1867 26,

979 1874 1030 1912 16,
1044 1874 1074 1904 4.
1099 1890 1146 1895 ——
1168 1871 1366 1913 supplicat„
1387 1872 1441 1912 35,
1456 1872 1487 1912 8,
1501 1872 1531 1904 9.
1557 1890 1602 1893 -
1628 1874 1662 1902 et

976 1920 1060 1953 cet..v
1074 1916 1192 1949 locker
1209 1915 1433 1959 angeknfipft,
1458 1915 1500 1949 da
1522 1915 1581 1948 der
1596 1915 1662 1948 Be-

976 1961 1056 2004 griff
1075 1964 1170 1994 mitti
1194 1962 1239 1994 im
1263 1961 1572 2004 Vorhergehenden
1598 1971 1660 1994 nur

976 2007 1181 2050 augedeutet
1198 2008 1253 2040 ist.
1264 2027 1309 2030 —
1323 2007 1450 2049 Fabio,
1475 2017 1501 2040 s.
1516 2017 1544 2040 c.
1563 2008 1614 2046 18.
1629 2009 1660 2040 3.

976 2073 1020 2076 —
1045 2057 1141 2093 octo,
1166 2063 1228 2086 nur
1252 2053 1348 2093 acht,
1379 2052 1448 2094 vgl.
1475 2054 1529 2094 34,
1551 2054 1606 2087 43.
1629 2053 1660 2085 9.

978 2101 1016 2130 ίη
1039 2110 1099 2141 spe
1123 2102 1200 2135 etc..
1227 2108 1251 2131 s.
1268 2100 1322 2140 35,
1341 2099 1391 2139 12,
1406 2100 1436 2131 ⁶2.
1455 2117 1498 2121 —
1512 2100 1661 2141 propin-

978 2155 1047 2186 qua
1073 2143 1212 2177 wiirden
1238 2143 1300 2176 wir
1328 2143 1383 2177 bei
1407 2145 1586 2176 missionis
1610 2152 1661 2175 er-

977 2195 1128 2231 warten,
1163 2189 1230 2232 vgl.
1258 2191 1289 2222 8.
1311 2191 1365 2231 29,
1388 2191 1418 2222 3.
1443 2208 1488 2212 --
1512 2191 1542 2220 z's
1576 2190 1660 2231 ipse,

978 2235 1136 2278 obgleich
1161 2245 1197 2268 es
1222 2235 1315 2267 nicht
1342 2244 1378 2267 so
1406 2243 1502 2276 gross
1519 2243 1660 2267 war.—

974 2281 1160 2323 pestz‘lent.‚
1186 2280 1254 2322 vgl.
1280 2290 1307 2312 0.
1328 2281 1378 2320 19,
1393 2281 1422 2312 3.

1020 2325 1079 2360 37.
1108 2327 1204 2358 1—5.
1241 2324 1491 2358 Giftmischerei
1516 2324 1550 2356 in
1574 2323 1660 2356 Rom

982 2371 1050 2404 und
1074 2371 1203 2403 Italien.
1573 2376 1577 2379 ·

1028 2419 1126 2449 2—3.
1140 2415 1309 2458 prodigii
1322 2414 1396 2447 Ioco
1411 2415 1477 2447 wie
1491 2416 1522 2454 8,
1541 2416 1590 2456 18,
1610 2416 1659 2447 11.

980 2481 1020 2485 --
1051 2463 1230 2503 conquir„
1263 2461 1296 2492 in
1329 2459 1393 2493 den
1418 2459 1662 2493 Pontificalbii-

982 2507 1101 2541 chern.
1143 2517 1168 2539 s.
1202 2505 1307 2549 Marq.
1342 2510 1374 2543 4,
1397 2507 1472 2538 222.
1505 2525 1550 2529 —
1583 2505 1662 2537 libr.

981 2555 1081 2596 insp„
1105 2554 1136 2591 3.
1154 2554 1205 2592 10,
1221 2554 1249 2584 7.
1274 2569 1314 2575 —
1334 2551 1451 2594 Apoll.
1463 2552 1562 2584 Aeso.
1577 2550 1662 2592 Sal„
