1779 2893
0 0 44 151 ξ
95 112 121 132 a.
141 105 193 132 ch.
215 105 274 132 174.

0 157 10 227 ζζ

95 224 136 252 se
157 211 344 251 adversus
370 210 586 250 Romanos.
630 223 702 262 ego
735 210 833 250 nihil
865 209 954 249 novi
977 221 1121 249 censeo
1148 209 1443 249 decernendum
1466 218 1548 246 ser·
1573 213 1608 245 17

514 92 638 126 LIBER
663 91 813 125 XXXXI.
860 90 956 125 CAP.
982 93 1037 125 23.
1063 92 1119 124 24.
1491 85 1544 124 47

92 269 299 322 vandaque
321 268 453 308 omnia
473 267 640 319 integra,
663 269 792 308 donec
812 268 858 308 ad
881 274 1033 307 certum
1049 267 1265 319 redigatur,
1284 278 1462 306 vanusne
1484 264 1548 304 hic

94 327 214 368 timor
246 332 382 366 noster
411 338 460 365 an
490 338 606 365 verus
636 327 765 366 fuerit.
816 326 848 365 si
878 338 952 378 pax
982 324 1167 364 inviolata
1189 326 1292 365 inter
1311 324 1549 364 Macedonas
1570 329 1608 361 18

94 385 377 437 Romanosque
398 383 586 431 manebit,
608 385 724 424 nobis
746 396 906 437 quoque
926 382 1095 423 amicitia
1113 389 1151 422 et
1169 383 1451 422 commercium
1473 381 1547 429 sit;

96 455 205 483 nunc
227 443 275 482 de
297 455 344 481 eo
365 445 530 494 coqitare
551 442 822 494 periculosum
845 448 883 481 et
903 441 1145 480 inmaturum
1167 440 1362 480 videtur.“

212 499 306 539 Post
334 500 444 539 hunc
466 499 619 546 Archo,
650 501 770 540 frater
790 499 987 540 Xenarchi
1020 498 1235 551 praetoris,
1267 498 1319 537 ita
1349 496 1611 537 disseruit.24

96 557 325 607 „difficilem
357 557 575 597 orationem
599 557 825 598 Callicrates
856 562 893 596 et
922 556 1019 596 mihi
1051 562 1087 595 et
1110 556 1309 604 omnibus,
1342 556 1409 608 qui
1431 555 1478 595 ab
1502 566 1548 593 eo

96 615 367 663 dissentimus,
389 615 502 655 fecit:
535 616 688 667 agendo
714 616 820 655 enim
841 615 1042 654 Romanae
1064 614 1263 654 societatis
1285 625 1444 653 causam
1465 613 1551 665 ipse
1572 613 1590 645 2

95 673 363 726 temptarique
394 679 432 712 et
463 674 688 726 oppugnari
719 674 909 720 dicendo,
942 685 1057 725 quam
1090 684 1207 711 nemo
1234 684 1364 724 neque
1385 676 1552 723 temptat

96 744 228 784 neque
249 737 478 784 oppugnat,
502 731 652 779 effecit,
676 738 742 779 ut,
766 732 833 784 qui
855 731 902 770 ab
925 743 965 770 se
987 730 1236 777 dissentiret,
1262 730 1449 769 adversus
1471 727 1551 766 Ro-

96 801 238 829 manos
258 789 390 828 dicere
411 789 621 828 videretur.
673 803 717 829 ac
739 789 913 842 primum
936 788 1137 835 omnium,
1160 795 1361 841 tamquam
1383 799 1465 826 non
1488 785 1552 824 hic
1573 795 1592 827 3

98 847 309 887 nobiscum
341 847 502 895 fuisset,
534 848 601 886 sed
633 854 700 886 aut
731 860 774 886 ex
808 847 914 887 curia
945 846 1084 899 populi
1108 845 1275 885 Romani
1305 845 1457 884 veniret
1486 849 1552 883 aut

97 917 238 957 regum
269 904 424 944 arcanis
454 904 683 953 interesset,
718 906 849 944 omnia
880 904 953 944 scit
985 911 1020 943 et
1053 903 1231 946 nuntiat,
1264 916 1363 956 quae
1397 901 1554 942 occulte

99 964 198 1003 facta
221 969 327 1002 sunt.
369 962 516 1002 divinat
539 963 669 1010 etiam,
692 976 793 1015 quae
814 963 945 1002 futura
968 962 1129 1008 suerint,
1154 962 1185 1001 si
1206 961 1417 1014 Philippus
1438 959 1554 999 vixis·
1575 969 1594 1001 4

100 1027 180 1068 set,
211 1021 305 1073 quid
334 1020 385 1059 ita
417 1020 585 1060 Perseus
614 1019 727 1072 regni
757 1021 874 1060 heres
904 1020 973 1067 sit,
1008 1020 1099 1072 quid
1133 1026 1273 1072 parent
1305 1015 1554 1065 Macedones,

100 1078 193 1132 quid
216 1079 393 1130 cogitent
414 1077 596 1117 Romani.
640 1091 712 1117 nos
733 1087 877 1122 autem,
901 1079 968 1130 qui
991 1090 1064 1116 nec
1087 1076 1136 1116 oh
1161 1089 1278 1130 quam
1301 1088 1458 1116 causam
1481 1088 1556 1115 nec
1577 1087 1594 1118 5

101 1148 220 1189 quem
241 1137 287 1176 ad
309 1136 473 1175 modum
494 1136 659 1189 perierit
681 1135 905 1175 Demetrius
928 1135 1088 1178 scimus,
1113 1148 1200 1177 nec,
1223 1134 1316 1187 quid
1331 1134 1556 1186 Philippus,

101 1195 132 1234 si
155 1194 333 1241 vixisset,
355 1193 532 1233 facturus
553 1194 693 1240 fuerit,
717 1194 762 1233 ad
786 1194 896 1240 haec,
920 1206 1019 1245 quae
1041 1193 1169 1245 palam
1192 1198 1400 1244 geruntur,
1424 1191 1557 1231 consi-

100 1252 150 1292 lia
174 1257 309 1291 nostra
331 1251 588 1291 accomodare
620 1258 789 1304 oportet.

100 1329 135 1363 in
171 1328 225 1363 die
250 1328 395 1373 Kriege,
420 1340 462 1362 zu
496 1329 605 1362 denen
640 1329 689 1363 sie
723 1330 793 1364 sich

101 1379 231 1417 rumen,
254 1375 457 1409 verwickelt
481 1375 631 1409 werden.

152 1424 297 1456 17—18.
323 1420 476 1455 Schluss.
504 1433 580 1465 ego,
598 1424 652 1460 28,
668 1424 724 1463 42,
739 1423 792 1456 22.

101 1487 148 1493 —
172 1469 267 1500 nihil
290 1479 339 1506 n.‚
367 1468 468 1501 keine
482 1468 714 1512 Abanderung
737 1469 796 1502 des

103 1514 261 1548 naheren
287 1513 521 1548 Beschlusses.
550 1516 569 1557 ᾗ·
597 1517 632 1552 ὃς
673 1518 723 1549 15.
752 1535 798 1539 -

105 1561 154 1594 ad
178 1564 264 1594 cert.
290 1560 377 1599 red„
410 1562 465 1599 44,
496 1563 547 1599 15,
570 1563 610 1599 4;
644 1561 714 1604 vgl.
743 1563 797 1599 26,

104 1608 206 1648 37‚8.
231 1626 276 1632 -—
303 1607 360 1639 hic
387 1608 504 1646 timor,
531 1606 610 1640 dass
625 1606 684 1640 der
698 1607 799 1650 Krieg

104 1652 315 1687 ausbrechen
329 1652 456 1686 werde.
482 1672 527 1677 ——
543 1655 688 1693 amicit„
712 1653 799 1696 poli-

104 1699 214 1733 tische
240 1698 463 1742 Verbindung
489 1710 521 1732 u.
546 1699 580 1732 in
595 1699 701 1742 Folge
723 1699 798 1732 der-

105 1745 224 1780 selben
240 1748 502 1779 commercium.
528 1744 801 1789 Gleichstellung

106 1791 166 1826 des
191 1791 355 1825 Fremden
382 1792 443 1824 mit
476 1791 552 1824 dem
580 1791 710 1835 Biirger
740 1792 800 1825 des

105 1838 249 1881 eigenen
264 1837 397 1871 Staates
422 1838 457 1871 in
482 1838 802 1881 vermogensrecht-

105 1885 213 1917 licher
249 1883 468 1927 Beziehung,
506 1885 573 1917 wie
610 1885 659 1917 sie
693 1884 799 1917 durch

107 1931 380 1974 Staatsvertriige
419 1930 622 1974 festgesetzt
660 1931 799 1964 werden

106 1976 210 2019 kann,
237 1986 264 2010 s.
290 1975 479 2010 Mommsen
506 1977 644 2010 Forsch.
670 1979 800 2018 1‚351;

107 2022 299 2066 Gegensatz
325 2033 366 2055 zu
393 2025 519 2066 §1362
545 2024 678 2062 finibus
691 2026 801 2055 inter-

109 2068 238 2102 dicere.
263 2088 309 2093 —-
334 2079 373 2101 co
399 2078 460 2102 aus
474 2071 561 2101 novi
578 2080 619 2101 zu
635 2068 800 2102 erklaren.

109 2133 154 2139 —
178 2114 224 2147 lm
239 2114 348 2157 Folg.,
375 2124 401 2147 s.
418 2116 438 2155 ᾖ·
457 2117 509 2157 15,
536 2114 627 2147 kann
643 2115 727 2148 auch
744 2116 801 2147 de-

111 2171 268 2201 cernere,
304 2160 494 2192 com-ilium
527 2171 655 2203 capere
681 2171 802 2203 ausge-

110 2206 213 2240 fallen
240 2207 324 2239 sein.

155 2251 218 2288 24.
246 2254 345 2286 1—2.
370 2252 503 2292 Archo,
519 2262 560 2285 zu
575 2253 629 2295 39,
645 2254 698 2290 23,
713 2255 743 2286 5.
759 2272 804 2277 —

112 2298 349 2338 dissentimus,
377 2299 455 2342 weil
471 2301 562 2330 mihi
586 2298 805 2342 vorhergeht‚

112 2355 140 2379 s.
156 2347 187 2387 3,
207 2347 262 2387 45,
278 2347 308 2378 9.
335 2364 376 2369 —
394 2345 534 2387 agendo
550 2365 578 2368 —
595 2347 681 2387 ipse,
707 2356 734 2377 c.
752 2348 805 2388 10,

114 2393 168 2426 13.
195 2410 238 2416 —
265 2393 513 2434 temptarique,
539 2402 606 2433 que
628 2390 808 2424 verbindet

114 2437 265 2470 dicendo
291 2441 411 2480 templ.
427 2441 460 2470 et
478 2448 559 2480 opp.
577 2437 639 2469 mit
653 2437 808 2478 agendo,

114 2487 149 2516 et
172 2483 327 2526 dagegen
353 2483 407 2516 die
422 2482 605 2524 Infinitive,
631 2483 723 2516 nicht
741 2494 808 2525 que

115 2533 168 2570 et,
201 2539 228 2563 s.
253 2531 316 2570 25,
353 2532 407 2571 14,
442 2533 478 2567 5;
514 2532 551 2569 3,
578 2532 644 2571 43,
673 2531 702 2561 7.
758 2529 805 2562 Zu

116 2579 236 2617 templ.
261 2586 294 2609 u.
321 2576 587 2619 oppugnariist
601 2578 805 2608 societatem

114 2620 155 2654 R.
181 2632 221 2654 zu
248 2621 401 2658 denkem
435 2621 645 2655 ebendaraus
672 2621 808 2655 bezieht

844 1264 886 1290 ac
911 1251 1058 1290 scimus
1080 1249 1221 1290 Persea
1244 1262 1368 1301 regno
1391 1255 1557 1302 accepto
1577 1259 1596 1292 6

867 1329 938 1363 sich
963 1339 1110 1372 quam-
1127 1329 1245 1369 effecit
1258 1332 1336 1372 etc,
1361 1328 1558 1362 Callicrates

868 1377 925 1408 hat
951 1376 1005 1408 die
1031 1374 1141 1408 Sache
1167 1386 1206 1408 so
1232 1376 1413 1415 verkehrt,
1440 1375 1489 1407 als
1516 1374 1558 1407 ob

867 1423 931 1454 wir
945 1422 1039 1454 nicht
1059 1422 1111 1454 ein
1138 1421 1332 1454 sriedliches
1347 1420 1561 1454 Verbaltniss

867 1469 929 1501 mit
944 1468 1100 1502 Perseus,
1127 1467 1273 1500 sondern
1289 1468 1390 1510 Krieg
1415 1467 1476 1499 mit
1496 1466 1561 1500 den

868 1514 1016 1547 Rbmern
1042 1513 1195 1546 wollten.
1222 1534 1266 1538 —
1291 1515 1332 1546 ab
1347 1525 1393 1551 se,
1420 1513 1563 1546 Absicht

869 1561 928 1593 des
943 1560 1121 1601 Subjectes
1151 1561 1181 1592 in
1199 1560 1327 1600 effecit,
1347 1559 1560 1599 Callicrates;

869 1607 993 1639 vorher
1020 1608 1062 1638 ab
1095 1617 1145 1639 eo.

916 1655 1015 1687 3-7.
1067 1652 1139 1684 Wir
1171 1651 1308 1684 konnen
1347 1661 1469 1684 unsere
1500 1651 1563 1684 Be-

870 1699 1026 1732 schliisse
1058 1709 1121 1731 nur
1154 1700 1238 1731 nach
1274 1698 1337 1730 den
1373 1697 1460 1730 offen
1487 1707 1565 1730 vor-

870 1745 1051 1789 liegenden
1080 1744 1335 1777 Verbaltnissen
1369 1744 1493 1777 sassen.
1520 1763 1564 1767 —-

871 1792 986 1833 fuiss„
1004 1791 1127 1833 bisber,
1144 1791 1377 1832 z·enir.,jetzt‚
1392 1793 1564 1828 intereas„

872 1838 1002 1871 immer.
1029 1856 1072 1862 —
1088 1848 1132 1869 eze
1147 1847 1233 1875 cur„
1262 1848 1287 1869 c.
1315 1838 1368 1877 23,
1391 1840 1422 1871 5.
1448 1856 1492 1860 —
1507 1847 1564 1868 ar-

873 1886 984 1925 canis,
1010 1882 1172 1916 wahrend
1200 1883 1253 1915 die
1276 1882 1564 1925 Verhandlungen

872 1931 914 1962 im
936 1930 1061 1963 Senate
1077 1930 1288 1972 wenigstens
1304 1929 1336 1961 in
1363 1929 1456 1962 einer
1470 1939 1566 1972 gros-

872 1987 930 2009 sen
947 1976 1209 2018 Versammlung
1234 1979 1317 2008 statt
1344 1974 1472 2014 finden,
1497 1975 1566 2017 vgl.

872 2024 928 2063 42,
958 2025 1009 2061 14,
1039 2025 1067 2056 1.
1093 2042 1139 2047 ——
1164 2024 1326 2063 nuntiat,
1353 2021 1467 2054 macht
1492 2020 1568 2053 Mit-

873 2069 1091 2112 theilungen;
1126 2068 1159 2100 in
1195 2068 1321 2100 diesem
1348 2068 1568 2100 Zusammen-

873 2116 985 2157 hange
1000 2115 1114 2157 wenig
1128 2114 1350 2147 verschieden
1374 2124 1440 2146 von
1458 2123 1568 2145 enun-

875 2163 952 2202 liat,
980 2160 1048 2203 vgl.
1076 2162 1221 2198 25,9.4.
1250 2180 1293 2183 —
1319 2171 1410 2202 quae
1433 2159 1566 2199 slf'uer.

874 2207 917 2240 ist
954 2207 1020 2239 wie
1055 2206 1115 2239 das
1144 2206 1237 2249 Folg.
1271 2205 1436 2239 indirecte
1461 2205 1569 2247 Frage

876 2252 968 2286 nicht
982 2252 1204 2295 Relativsatz,
1219 2252 1256 2285 K.
1273 2254 1350 2294 2311,
1366 2252 1470 2284 daher
1482 2251 1567 2283 auch

877 2299 1017 2339 fuerint
1051 2309 1084 2331 u.
1119 2299 1287 2338 facturus
1323 2298 1437 2337 fuerit
1470 2296 1569 2329 noth-

879 2344 1018 2388 wendig
1042 2349 1084 2378 st.
1112 2344 1171 2377 des
1199 2343 1271 2377 hds.
1297 2343 1570 2384 fuerant—fue-

879 2395 938 2423 rat
953 2391 1085 2433 -quz'd
1111 2393 1181 2429 ita,
1207 2390 1274 2423 wie
1298 2393 1398 2422 unter
1422 2389 1486 2422 den
1514 2389 1571 2421 be-

879 2436 1077 2469 zeichneten
1096 2436 1365 2476 Verhaltnissen,
1392 2446 1419 2468 c.
1437 2437 1491 2474 23,
1518 2436 1571 2477 10,

879 2483 993 2515 deutet
1010 2482 1275 2524 Missbssligung,
1289 2481 1571 2524 Verwunderung

880 2539 933 2564 an.
959 2539 984 2561 s.
1009 2530 1211 2569 27,34,13;
1239 2530 1431 2563 2s,43.12.
1461 2548 1500 2552 -
1524 2527 1573 2559 ad

881 2576 966 2606 haec
981 2578 1058 2614 ete,
1085 2574 1145 2607 das
1170 2574 1214 2606 im
1233 2574 1329 2617 Folg.
1343 2573 1570 2617 Angessihrte.

879 2640 921 2645 —
950 2631 991 2653 ac
1016 2624 1147 2652 scimus
1173 2625 1256 2654 etc.:
1290 2620 1359 2653 und
1386 2630 1475 2659 nun,
1502 2629 1570 2653 nun
