1779 2893
110 104 140 126 a.
159 96 212 124 Ch.
236 96 294 124 181.

539 84 667 119 LIBER
691 83 827 119 XXXX.
875 84 969 119 CAP.
996 87 1049 120 25.
1077 86 1130 119 26.

1482 81 1563 121 159

110 202 185 243 tias
216 201 292 242 sihi
325 214 442 255 quam
471 202 645 254 primum
671 202 824 242 veniret
845 201 1036 242 subsidio.
1078 200 1248 242 Baebius
1270 202 1484 242 exercitum
1507 202 1557 242 M.
1579 209 1598 242 8

110 259 271 300 Pinario
292 260 467 312 praetori
490 259 600 299 eunti
622 259 662 299 in
687 259 906 300 Sardiniam
927 259 1160 308 tradiderat3
1196 265 1370 300 ceterum
1394 266 1432 300 et
1453 272 1567 300 sena-

111 322 197 358 tum
218 317 360 358 litteris
383 318 592 357 certiorem
612 317 706 356 facit
728 317 899 358 obsideri
921 331 940 358 a
962 318 1178 370 Liguribus
1199 317 1243 357 L.
1266 317 1499 366 Aemilium,
1530 323 1568 357 et
1587 324 1608 356 9

111 375 163 416 M.
188 375 350 416 Claudio
370 374 569 428 Marcello,
593 375 706 414 cuius
728 376 907 427 proxima
928 376 1021 415 inde
1042 375 1245 428 provincia
1268 382 1370 420 erat.
1394 375 1566 429 scripsit,

111 438 177 482 ut,
209 433 242 472 si
271 433 471 473 videretur
501 433 557 481 ei,
590 432 806 472 exercitum
840 446 860 473 e
884 433 1005 473 Gallia
1028 433 1252 473 traduceret
1274 433 1314 472 in
1337 433 1505 485 Ligures
1528 438 1566 473 et

111 490 157 530 L.
180 490 390 530 Aemilium
419 489 605 531 liberaret
636 490 856 531 obsidione.
899 491 995 531 haec
1017 504 1103 530 sera
1125 491 1257 530 futura
1280 491 1420 531 auxilia
1443 497 1565 531 erant.

111 547 281 599 Ligures
296 548 343 588 ad
361 553 486 588 castra
506 554 669 601 postero
692 548 753 588 die
777 549 957 589 redeunt.
993 549 1184 589 Aemilius
1207 561 1298 588 cum
1321 555 1357 588 et
1378 556 1566 589 venturos
1591 555 1626 588 10

113 604 253 645 scisset
283 612 322 645 et
352 605 521 646 educere
552 607 592 645 in
624 607 746 646 aciem
770 607 985 659 potuisset,
1018 607 1117 646 intra
1141 606 1282 646 vallum
1307 619 1400 646 suos
1422 607 1563 654 tenuit,

112 668 158 703 ut
178 663 400 704 extraheret
421 675 505 703 rem
526 665 566 704 in
589 664 627 704 id
649 670 822 716 tempus,
847 677 925 717 quo
943 664 1112 704 Baebius
1131 677 1218 704 cum
1239 664 1413 704 exercitu
1431 665 1565 705 venire

111 732 132 760 a
153 720 275 778 Pissis
296 727 443 774 posset.

228 778 378 819 Romae
408 791 590 831 magnam
620 779 925 832 trepidationem
955 780 1107 820 litterae
1135 780 1253 820 Baebi
1284 780 1486 828 fecerunt,
1518 792 1564 820 eo
1577 780 1628 816 26

111 836 316 886 maiorem,
339 837 444 889 quod
461 849 610 889 paucos
632 845 722 889 post
746 837 827 877 dies
845 837 1067 887 Marcellus,
1090 838 1232 878 tradito
1255 838 1429 878 exercitu
1447 838 1566 878 Fabio
1588 842 1607 875 2

112 894 278 935 Romam
296 907 387 935 cum
404 895 588 942 venisset,
607 907 718 948 spem
737 895 879 935 ademit
897 909 1000 941 eum,
1021 896 1110 948 quia
1129 896 1167 935 in
1181 895 1303 936 Gallia
1321 904 1437 946 esset,
1455 909 1566 937 exer-

113 952 234 992 citum
267 953 307 992 in
334 952 503 1004 Ligures
525 965 644 1005 posse
667 953 845 1001 traduci,
877 953 967 1005 quia
989 953 1134 993 bellum
1166 967 1255 993 cum
1287 953 1432 994 Histris
1463 960 1566 994 esset

111 1009 417 1063 prohibentibus
440 1010 635 1050 coloniam
654 1010 873 1062 Aquileiam
895 1011 1056 1051 deduci:
1082 1024 1127 1050 eo
1150 1013 1372 1063 profectum
1392 1012 1567 1060 Fabium,
1589 1017 1608 1049 3

112 1081 245 1121 neque
267 1068 359 1107 inde
381 1068 537 1121 regredi
560 1067 663 1107 bello
685 1068 870 1108 inchoato
893 1081 1023 1121 posse.
1057 1082 1150 1117 una,
1174 1076 1211 1109 et
1234 1082 1277 1109 ea
1299 1070 1383 1122 ipsa
1404 1070 1565 1119 tardior,
1588 1075 1606 1109 4

113 1138 231 1179 quam
251 1131 410 1178 tempus
431 1125 667 1179 postulabat,
691 1126 858 1165 subsidii
880 1139 971 1178 spes
994 1133 1088 1173 erat,
1112 1127 1142 1166 si
1167 1127 1352 1167 consules
1374 1135 1567 1167 maturas-

112 1188 202 1224 sent
230 1183 271 1223 in
303 1183 547 1236 provinciam
580 1183 650 1222 ire.
693 1183 729 1222 id
753 1190 797 1222 ut
826 1184 1024 1229 facerent,
1056 1197 1129 1237 pro
1153 1198 1194 1224 se
1217 1185 1387 1237 quisque
1410 1192 1567 1238 patrum

110 1241 331 1282 vociferari.
374 1241 561 1281 consules
594 1241 669 1280 nisi
701 1242 884 1281 confecto
910 1241 1054 1281 dilectu
1080 1255 1225 1294 negare
1249 1256 1289 1283 se
1312 1243 1458 1288 ituros,
1492 1256 1566 1283 neo
1586 1249 1605 1282 5

112 1311 224 1339 suam
241 1298 464 1350 segnitiam,
487 1299 555 1339 sed
572 1298 647 1338 vim
670 1299 797 1338 morbi
820 1299 860 1339 in
884 1312 1001 1340 causa
1024 1313 1124 1349 esse,
1148 1314 1226 1352 quo
1250 1301 1378 1341 serius
1400 1302 1566 1354 perfice-

110 1361 234 1397 retur.
277 1369 358 1396 non
380 1364 512 1397 tamen
533 1362 754 1409 potuerunt
775 1357 974 1397 sustinere
997 1370 1238 1398 consensum
1262 1366 1445 1409 senatus,
1469 1359 1566 1412 quin
1586 1368 1606 1401 6

110 1414 286 1468 paludati
319 1414 472 1455 exirent
502 1421 540 1454 et
569 1414 783 1463 militibus,
818 1428 918 1467 quos
949 1416 1198 1468 conscriptos
1220 1417 1433 1467 haberent,
1465 1417 1567 1457 diem

111 1495 238 1536 4247,
257 1495 292 1527 1.-
318 1493 462 1537 decepto
483 1504 552 1536 per
569 1494 747 1527 inducias.
761 1514 805 1518 —-

113 1550 244 1581 eccere„
283 1539 370 1572 nach
407 1550 435 1572 0.
472 1541 522 1574 19.
548 1541 567 1573 8
605 1550 668 1572 nur
705 1540 804 1573 einen

111 1583 222 1628 Theil,
248 1584 350 1618 keine
368 1585 427 1619 der
439 1585 623 1628 Legionem.
638 1605 683 1609 ——
704 1586 805 1620 Clau-

112 1631 184 1674 dio,
211 1642 238 1665 c.
271 1633 320 1673 16,
342 1633 372 1665 5.
407 1651 452 1655 —
488 1632 586 1664 liber.
622 1632 804 1665 obsidione

112 1677 164 1712 oft
189 1687 227 1711 so
253 1677 471 1719 verbunden,
501 1688 526 1711 s.
555 1679 732 1719 22‚·25.9;
750 1680 802 1714 23.

112 1726 167 1766 37,
185 1725 236 1765 10,
261 1723 331 1767 vgl.
359 1734 401 1757 zu
415 1725 470 1765 42,
485 1726 540 1766 50,
555 1726 593 1763 9;
609 1726 662 1759 36.
683 1726 801 1766 1213.

110 1789 156 1795 -
171 1768 240 1810 fut.
253 1789 300 1794 —
317 1781 379 1812 er„
396 1769 523 1804 sollten
543 1770 601 1804 der
618 1770 727 1805 Natus
745 1770 804 1804 der

112 1815 222 1850 Sache
247 1816 335 1849 nach
360 1816 444 1850 sein.
467 1836 512 1841 —
535 1819 667 1859 scisset,
693 1828 720 1850 0.
752 1818 803 1853 12,

111 1864 143 1896 7.
173 1882 218 1886 —
253 1862 403 1895 educere
436 1863 525 1897 ohne
559 1862 701 1906 ObJert,
735 1863 802 1896 wie

112 1911 209 1943 sonst
235 1908 376 1951 ducere,
402 1910 433 1951 8,
448 1911 480 1951 9,
500 1912 534 1947 1;
558 1911 613 1952 32,
632 1911 686 1951 30,
701 1911 731 1943 9.
757 1929 803 1933 —-

111 1955 264 1997 extr-ak„
281 1955 375 1989 nicht
394 1955 459 1989 den
477 1955 561 1999 Tag,
581 1956 728 1989 sondern
748 1956 801 1989 die

110 2001 186 2035 Zeit
210 2001 295 2035 fiber
318 2001 385 2044 his,
409 2012 436 2035 s.
464 2012 491 2036 0.
519 2003 742 2045 27,1;28,·2.

157 2045 220 2082 26.
259 2049 355 2081 1-4.
397 2058 518 2091 magn.
548 2068 594 2073 -—
628 2060 666 2082 eo
709 2051 805 2091 mai„

113 2093 221 2127 sehon
235 2103 277 2126 an
295 2093 368 2126 sich
386 2103 484 2136 gross
506 2115 534 2118 —
558 2095 648 2128 noch
667 2097 804 2138 grosser

111 2149 211 2181 usw,
236 2138 303 2172 wie
329 2139 419 2172 ohne
441 2151 480 2172 eo
507 2140 557 2174 oft
583 2140 643 2174 der
661 2141 805 2184 Compa-

110 2185 202 2218 rativ
219 2184 280 2218 auf
295 2184 360 2218 den
379 2184 511 2219 Positiv
529 2186 711 2219 desselben
725 2187 802 2229 Adj.

112 2231 196 2266 oder
218 2230 367 2265 Adverb.
395 2231 494 2275 folgt,
524 2234 552 2274 1,
567 2234 598 2275 ἵ,
614 2234 644 2266 ὃ.
665 2252 706 2256 -
732 2233 805 2266 Fa-

113 2278 182 2320 bio,
207 2288 235 2311 c.
263 2278 316 2320 18,
332 2279 362 2312 3.
380 2297 425 2301 —
442 2289 538 2322 spem
565 2279 622 2311 ad.
641 2289 719 2311 eum
737 2279 804 2313 wie

113 2335 142 2358 c.
168 2325 222 2366 21,
245 2324 277 2357 8.
302 2342 348 2347 —
373 2325 493 2367 Aquil.
527 2325 617 2367 ded„
652 2325 720 2369 vgl.
749 2327 804 2361 39.

113 2371 175 2409 55;
207 2369 262 2403 die
286 2369 493 2414 Abfiihrung
525 2371 570 2404 ist
596 2372 685 2405 noch
711 2372 802 2405 nicht

113 2415 281 2457 erwahnt,
299 2426 325 2449 s.
341 2427 368 2450 0.
383 2418 438 2459 34,
453 2418 490 2457 2;
510 2417 592 2451 aber
608 2418 677 2452 wol
696 2418 804 2452 sehon

112 2461 337 2501 vorbereitet;
375 2463 460 2497 fiber
493 2463 557 2497 den
592 2463 709 2498 Grund
744 2464 804 2498 des

113 2507 389 2542 Widerstrebens
427 2509 485 2542 der
520 2509 663 2543 Histrier
697 2521 722 2544 s.
750 2512 803 2544 21.

114 2555 170 2596 25,
184 2556 220 2594 2;
241 2555 291 2596 10,
309 2556 338 2597 1,
352 2555 383 2588 7.
399 2575 441 2579 —
461 2559 496 2588 et
510 2566 550 2589 ea
570 2558 605 2596 12,
631 2556 724 2590 nicht
743 2558 805 2589 secl

115 2611 143 2633 e.
168 2602 204 2643 i.,
237 2599 319 2633 weil
353 2600 408 2635 die
433 2600 709 2636 Beschaffenheit
746 2603 804 2636 der

876 1495 921 1527 im
949 1494 1158 1538 Vorhergeh.
1187 1496 1324 1529 alnnlich
1349 1497 1412 1530 ist:
1440 1499 1469 1528 e's
1495 1498 1568 1539 ipse

877 1552 901 1574 s.
930 1543 983 1575 39.
1012 1543 1064 1576 23.
1092 1545 1110 1575 5
1139 1553 1169 1575 u.
1191 1553 1220 1575 o.
1247 1562 1291 1566 —
1323 1542 1480 1584 tardior,
1513 1541 1566 1576 die

875 1586 1049 1630 Hoffnung
1074 1587 1165 1621 kann
1192 1589 1264 1621 sich
1291 1600 1353 1622 nur
1374 1589 1568 1631 langsamer

875 1633 1038 1668 erffillen:
1067 1634 1137 1669 das.
1164 1644 1236 1668 was
1262 1645 1340 1668 man
1373 1635 1471 1670 hofft.
1499 1638 1566 1668 esst

875 1681 990 1722 spater
1016 1681 1222 1723 gescliehen.
1249 1681 1310 1715 als.
1336 1682 1406 1725 vgl.
1435 1685 1464 1716 5.
1480 1683 1564 1715 6.2:

872 1737 974 1758 serae
997 1729 1083 1770 spei.
1100 1747 1145 1751 —
1169 1731 1359 1761 matut-ass.
1385 1728 1465 1761 weil
1490 1738 1568 1770 spes

875 1775 954 1804 erat
987 1772 1194 1816 vorhergeht
1226 1791 1269 1803 =
1297 1777 1330 1806 si
1364 1778 1568 1808 maturave-

874 1820 950 1850 rint
978 1838 1022 1842 —-
1055 1821 1246 1852 subvenire
1275 1824 1448 1863 poterunt
1476 1824 1566 1863 (spes

874 1868 925 1897 est
946 1865 1103 1906 subidz'i).
1117 1886 1162 1890 —
1181 1865 1339 1908 voet'f'er„
1364 1868 1451 1900 auch
1477 1867 1566 1900 ohne

873 1910 1008 1954 befragt
1036 1922 1075 1945 zu
1096 1913 1179 1947 sein.
1206 1924 1230 1946 s.
1247 1915 1302 1954 42,
1318 1916 1348 1955 3,
1364 1916 1401 1952 5.7
1418 1916 1448 1948 2.
1465 1915 1519 1948 28.
1534 1916 1564 1947 9.

923 1959 1021 1991 5—7.
1048 1961 1241 2001 segnitiam
1266 1961 1333 1994 wie
1359 1963 1413 1995 31.
1430 1962 1566 2001 6‚5.—

874 2015 942 2045 quo
960 2006 1088 2046 serius,
1107 2016 1317 2049 weswegeu.
1336 2018 1374 2040 so
1394 2007 1472 2040 dass
1491 2006 1567 2039 des-

874 2049 966 2091 halb,
993 2051 1080 2083 nach
1107 2054 1142 2084 in
1164 2063 1271 2085 causa
1293 2065 1373 2092 esse,
1401 2065 1426 2086 s.
1442 2054 1496 2087 34.
1511 2053 1565 2093 56,

876 2097 914 2129 9:
940 2097 1118 2139 stipendia
1135 2118 1180 2123 —
1200 2109 1328 2132 causae
1345 2102 1468 2141 essent,
1495 2109 1564 2140 quo

873 2144 1014 2183 mz'712185
1039 2145 1070 2185 9,
1090 2146 1141 2178 10.
1156 2147 1194 2179 9:
1222 2146 1263 2177 ob
1283 2156 1358 2178 eam
1376 2156 1462 2186 rem,
1486 2155 1566 2187 quo,

877 2188 942 2222 Cic.
969 2188 1060 2222 Fam.
1089 2193 1119 2232 3,
1134 2192 1165 2232 9,
1181 2193 1218 2224 ’2;
1247 2191 1341 2225 Caes.
1363 2191 1400 2225 B.
1417 2193 1448 2224 C.
1468 2193 1496 2226 1.
1512 2191 1566 2231 52,

876 2236 914 2268 3:
941 2237 990 2267 eis
1015 2239 1133 2268 causis
1156 2257 1202 2261 —
1227 2249 1295 2280 quo
1321 2240 1440 2270 minus
1465 2237 1568 2269 climi-

876 2291 960 2313 eare
984 2281 1096 2318 vellet.
1121 2285 1351 2325 movebatur,-
1376 2284 1402 2316 T
1407 2295 1455 2317 30.
1477 2284 1564 2315 Ann.

879 2329 984 2365 1,14;
1020 2329 1147 2363 ebenso
1183 2341 1309 2373 eausa,
1334 2334 1393 2372 ut,
1419 2331 1565 2370 5.55,5‚

876 2372 959 2406 oder
983 2377 1069 2416 quin
1098 2375 1164 2409 Cic.
1191 2375 1291 2409 Tusc.
1327 2380 1351 2410 Ι.
1373 2378 1427 2410 32.
1451 2378 1510 2414 ἵῖς
1535 2376 1566 2416 5,

878 2421 988 2454 11,32
1015 2432 1046 2454 u.
1074 2431 1101 2454 a.
1129 2422 1194 2455 Zur
1220 2421 1329 2455 Sache
1356 2433 1381 2455 s.
1409 2423 1566 2456 c.19.-—-

874 2471 1172 2508 non—senatus.
1198 2479 1222 2501 s.
1250 2468 1382 2502 Becker
1395 2469 1425 2509 2,
1442 2469 1473 2503 2.
1487 2468 1565 2502 449.

876 2530 919 2535 --
945 2514 1031 2554 quin
1058 2514 1125 2546 wie
1152 2516 1206 2548 33.
1222 2516 1276 2548 36.
1296 2516 1353 2549 12:
1370 2516 1425 2556 25,
1440 2516 1471 2555 S,
1487 2516 1506 2548 2
1531 2525 1562 2546 ll.

876 2568 904 2590 3.
932 2577 975 2582 -
999 2559 1134 2602 palad„
1159 2561 1213 2595 42.
1229 2563 1283 2595 49.
1301 2563 1328 2595 1.
1347 2579 1391 2585 —
1409 2572 1478 2604 quo
1495 2561 1565 2593 Pis.

877 2614 994 2647 coma,
1028 2606 1248 2648 gewohnlich
1282 2606 1404 2641 driickt
1431 2607 1504 2641 sich
1529 2606 1562 2639 L.
