1779 2893
54 125 81 145 a.
103 117 154 145 Ch.
176 117 235 144 186.

473 105 597 139 UBER
621 105 770 140 xxxix.
820 106 914 140 CAP.
946 109 995 141 11.
1025 108 1075 140 12.
1441 103 1491 145 21

53 221 329 263 delenimentis
360 227 398 262 et
427 222 589 262 venenis
619 221 814 262 imbutum
854 234 928 262 nec
959 221 1134 274 parentis
1165 235 1240 262 nec
1268 222 1393 262 vitrici
1423 236 1498 263 nec

53 280 218 320 deorum
239 279 515 320 verecundiam
535 279 693 319 habere.
733 279 935 332 iurgantes
953 279 1048 319 hinc
1063 285 1201 329 mater,
1222 280 1316 320 hinc
1335 280 1497 320 vitricus

53 349 143 378 cum
164 343 351 389 quattuor
372 349 462 377 eum
494 337 616 377 servis
647 337 763 376 domo
795 343 1023 388 exegerunt.
1065 337 1296 378 adulescens
1327 337 1419 378 inde
1448 338 1496 378 ad
1517 345 1536 378 3

52 394 259 434 Aebutiam
279 407 322 435 se
351 395 507 434 amitam
538 395 707 434 contulit
738 406 974 446 causamque
1005 394 1055 443 ei,
1087 407 1159 434 cur
1189 401 1291 434 esset
1321 408 1343 435 a
1373 402 1497 436 matre

2 456 5 459 ’
51 452 212 499 eiectus,
235 452 418 501 narravit,
440 452 581 492 deinde
603 465 649 492 ex
670 452 900 492 auctoritate
921 452 1006 492 eius
1038 457 1198 503 postero
1230 453 1291 492 die
1323 453 1369 492 ad
1400 466 1496 493 con-

51 509 177 550 sulem
197 508 445 550 Postumium
466 509 625 549 arbitris
654 509 815 557 remotis
844 522 928 549 rem
944 509 1095 549 detulit..
1117 510 1258 549 consul
1283 516 1372 562 post
1394 510 1498 550 diem
1518 519 1538 552 4

49 567 210 608 tertium
231 567 359 607 redire
380 567 426 607 ad
447 580 490 607 se
519 567 672 607 iussum
701 567 861 615 dimisit,
893 567 977 619 ipse
1008 566 1222 619 Sulpiciam
1254 579 1408 618 gravem
1438 568 1497 608 fe-

48 624 210 672 minam,
231 637 390 664 socrum
410 637 535 674 suam,
556 631 838 677 percunctatus
858 630 929 673 est,
952 636 1116 677 ecquam
1141 637 1260 664 anum
1292 625 1498 665 Aebutiam

0 699 14 723 ς
51 695 98 722 ex
118 682 311 722 Aventino
334 688 479 722 nosset.
524 695 614 722 cum
637 695 678 722 ea
694 714 703 731 ,
726 695 845 722 nosse
866 681 1031 734 probam
1053 688 1090 722 et
1120 681 1273 734 antiqui
1294 683 1416 722 moris
1438 684 1496 722 fe-
1517 692 1536 724 5

49 739 217 788 minam,
239 739 534 792 respondisset,
557 752 659 792 opus
681 752 768 780 esse
789 739 863 779 sibi
885 752 928 779 ea
954 746 1145 780 conventa
1178 740 1290 779 dixit:
1324 740 1499 780 mitteret

50 797 235 838 nuntium
257 797 305 838 ad
325 810 408 838 eam
422 828 432 846 ,
454 802 498 837 ut
516 797 682 837 veniret.
725 797 889 837 Aebutia
915 797 1036 837 accita
1062 798 1109 837 ad
1140 797 1355 849 Sulpiciam
1377 797 1496 846 venit,
1517 806 1538 839 6

50 861 89 895 et
107 855 250 895 consul
269 854 387 907 paulo
410 861 513 907 post,
535 855 640 895 velut
660 855 761 895 forte
786 855 1075 903 intervenisset,
1106 867 1332 895 sermonem
1353 855 1400 895 de
1422 856 1498 895 Ae-

48 912 159 953 butio
179 912 311 953 fratris
334 912 419 952 eius
439 913 520 952 filio
543 913 674 952 infert.
717 912 900 952 lacrimae
921 912 1078 952 mulieri
1106 913 1289 961 obortae,
1322 919 1360 952 et
1380 913 1498 953 mise·
1519 923 1536 955 7

48 970 128 1010 rari
149 982 284 1010 casum
305 969 569 1010 adulescentis
591 970 735 1022 coepit,
757 969 826 1022 qui
856 970 1047 1022 spoliatus
1076 970 1269 1018 fortunis,
1301 983 1321 1010 a
1352 969 1499 1022 quibus

49 1027 211 1068 minime
231 1032 445 1080 oporteret,
468 1028 572 1079 apud
594 1040 636 1067 se
657 1032 754 1067 tunc
775 1033 890 1075 esset,
914 1027 1061 1067 eiectus
1080 1041 1101 1067 a
1122 1034 1259 1072 matre,
1277 1027 1383 1079 quod
1405 1039 1499 1079 pro-

48 1084 123 1125 bus
143 1085 377 1125 adulescens
396 1107 454 1113 —-
475 1084 527 1124 dii
548 1085 711 1136 propitii
738 1090 870 1124 essent
890 1108 945 1113 —-
968 1084 1166 1132 obscenis,
1193 1090 1238 1124 ut
1257 1086 1358 1125 sama
1381 1091 1497 1132 esset,

48 1142 170 1183 sacris
191 1141 338 1182 initiari
361 1142 495 1182 nollet.

161 1199 263 1255 Satis
285 1199 533 1253 exploratum
554 1199 601 1239 de
627 1198 794 1239 Aebutio
820 1205 928 1239 ratus
951 1199 1090 1239 consul
1117 1212 1198 1239 non
1230 1212 1372 1239 vanum
1405 1203 1557 1240 auc-12

47 1316 138 1356 quae
166 1312 243 1352 fuit
271 1314 310 1344 iu
342 1312 479 1353 Lerna,
512 1313 734 1354 Argivorum

46 1358 189 1402 palude,
203 1357 358 1401 haufiger
371 1358 523 1401 tropisch
538 1368 605 1391 von
617 1358 736 1398 bosen,

47 1404 307 1438 verderblichen
325 1403 467 1437 Frauen.
494 1424 539 1427 —
563 1404 738 1445 delenim„

50 1452 105 1493 30,
121 1453 173 1492 13,
191 1451 250 1484 12:
271 1450 370 1483 illam
385 1448 523 1489 furiam
533 1453 739 1493 pestemque

48 1498 212 1530 omnibus
270 1496 516 1528 delenimentis
579 1498 737 1528 animum

49 1553 152 1576 suum
192 1543 378 1584 avertisse,
422 1542 549 1574 ebenso
592 1552 738 1582 venena,

49 1587 312 1623 Zaubermittel.
340 1586 613 1620 Zaubertranke.
639 1597 681 1620 an
708 1598 738 1620 ιι,

51 1633 100 1668 St.
126 1633 280 1675 bildlich,
308 1630 672 1679 &sixvrjpcm—lu'ne
697 1653 737 1656 -—

50 1681 143 1722 hinc,
173 1681 375 1721 1.13,2.—
388 1690 409 1711 a
423 1682 548 1721 matre,
574 1689 599 1712 s.
615 1678 637 1722 ξ
651 1681 681 1712 7.
696 1698 740 1702 ——

50 1726 99 1760 ad
121 1736 214 1759 cons.
239 1745 284 1749 -—
310 1725 391 1766 det„
426 1725 511 1758 nach
541 1725 618 1758 dem
644 1724 738 1767 Folg.

49 1771 164 1806 macht
189 1781 225 1804 er
249 1771 344 1804 nicht
370 1770 473 1804 allein
491 1781 559 1804 von
577 1771 654 1803 dem
670 1771 741 1803 ihm

49 1817 320 1851 widerfahrenen
335 1815 505 1859 Ungliick,
523 1817 669 1850 sondern
682 1817 741 1850 be-

50 1863 192 1898 sonders
216 1873 286 1896 von
309 1862 377 1896 den
401 1861 651 1896 Bacchanalien
669 1863 737 1896 An-

51 1910 164 1953 zeige:
192 1909 268 1942 eine
293 1908 450 1951 Anklage
475 1919 538 1941 vor
563 1909 639 1942 dem
657 1908 738 1942 Pr'a-

51 1959 104 1990 tor
120 1955 213 1989 kann
235 1965 271 1988 er
287 1954 338 1987 als
355 1954 545 1997 unmiindig
561 1955 629 1988 und
647 1955 736 1988 ohne

50 2001 226 2035 Vormund
251 2000 345 2034 nicht
371 2000 530 2033 erheben.

96 2049 195 2081 4—7.
217 2056 378 2089 gravem,
404 2046 610 2089 ehrwiirdig
636 2056 663 2079 c
685 2047 737 2080 12

51 2095 90 2132 2;
112 2095 164 2135 13,
179 2092 282 2135 3xgl
299 2093 353 2133 38,
367 2094 424 2133 24,
442 2094 492 2126 11.
497 2103 588 2124 —eoe
602 2085 739 2133 Avent

51 2138 242 2173 attributiv
287 2148 336 2171 ..c
356 2139 407 2172 12
426 2140 459 2176 1;
475 2140 507 2175 4
527 2139 580 2175 28
595 2140 630 2172 3:
658 2137 740 2170 V—et

51 2187 121 2218 tius
143 2195 191 2218 ea:
208 2183 367 2224 Volscis;
392 2185 448 2224 45,
461 2185 516 2219 43,
544 2186 596 2220 10;
624 2183 691 2225 vgl.
709 2184 738 2224 1,

51 2233 105 2273 50,
122 2233 158 2265 3:
184 2229 390 2263 Herdonius
415 2230 458 2262 ab
472 2230 610 2270 Aricia,
637 2230 669 2263 2.
683 2230 739 2270 28,

53 2279 68 2311 1
81 2279 137 2310 :in
147 2276 337 2310 Aventino.
362 2274 532 2308 Aebutius
546 2286 577 2307 u.
590 2274 739 2318 Hispala,

51 2333 76 2357 s.
104 2333 131 2356 c.
163 2324 259 2364 12,1,
297 2321 462 2354 wohnten
504 2320 577 2354 also
614 2320 647 2353 in
682 2320 740 2353 der

50 2368 147 2402 Nahe
173 2367 232 2402 des
250 2366 360 2409 Ortes,
385 2377 442 2400 wo
460 2366 514 2400 die
532 2365 657 2409 Orgien
684 2376 740 2409 ge-

50 2414 150 2448 feiert
162 2413 316 2454 wurden,
330 2423 357 2446 c.
376 2414 429 2453 12,
443 2415 474 2446 4.
487 2423 647 2445 —nosse
661 2416 738 2454 ete,

51 2460 137 2494 dazu
161 2459 254 2493 kann
279 2469 357 2491 eom
373 2458 480 2492 leicht
496 2459 635 2501 erganzt
654 2468 741 2491 wer-

51 2505 128 2548 den,
152 2505 221 2549 vgl.
247 2504 317 2538 Cic.
343 2504 385 2537 de
402 2515 450 2538 or.
473 2505 504 2546 2,
519 2506 550 2545 6,
565 2505 626 2538 25;
652 2504 740 2536 Lae-

52 2551 150 2595 lium,
174 2561 277 2594 quem
295 2552 525 2593 cognovimus
547 2552 665 2583 virum
683 2551 741 2583 bo-

51 2607 158 2639 num5
182 2597 273 2630 Fam.
292 2597 343 2638 11,
358 2597 412 2635 22,
432 2598 465 2629 1;
494 2606 571 2629 cum
588 2595 742 2635 fortzssi-

807 1322 885 1344 mus
903 1314 1069 1353 cognitus
1085 1313 1142 1343 sis.
1154 1316 1282 1344 -απι,
1301 1315 1422 1354 morl-3,
1442 1314 1496 1353 42,

807 1359 862 1399 47,
877 1359 896 1390 4
910 1372 916 1390 :
937 1360 1067 1389 veteres
1092 1361 1126 1389 et
1142 1360 1285 1400 antiqui
1300 1361 1412 1391 mor-is
1428 1369 1498 1390 me-

807 1414 931 1436 mores.
957 1423 1001 1426 —
1028 1403 1131 1445 velut,
1157 1405 1190 1443 2,
1205 1405 1258 1441 36.
1277 1407 1289 1437 1
1305 1418 1312 1442 ;
1327 1407 1382 1446 40,
1400 1406 1450 1440 12,
1472 1407 1496 1437 1.

807 1449 872 1481 Der
897 1449 1024 1482 Consul
1058 1448 1191 1491 besolgt
1223 1460 1280 1483 um
1306 1450 1360 1483 die
1387 1449 1498 1483 Sache

807 1495 852 1527 im
891 1494 1016 1527 Senate
1058 1494 1108 1527 als
1149 1495 1224 1527 eine
1267 1496 1398 1529 sichere
1439 1506 1499 1529 zur

809 1541 959 1584 Sprache
993 1540 1136 1583 bringen
1171 1551 1212 1573 zu
1246 1540 1402 1583 konnen,
1438 1541 1498 1574 das

810 1587 939 1620 damals
972 1586 1006 1619 in
1037 1586 1314 1620 Climinalunters
1317 1587 1500 1629 uchungen

809 1636 905 1666 sonst
932 1632 1025 1665 nicht
1052 1632 1291 1671 gewohnliehe
1317 1633 1500 1676 inquisito-

808 1679 919 1711 iische
954 1672 1154 1712 V·e1sal11·.en
1193 1690 1218 1711 s.
1255 1690 1282 1711 c.
1321 1682 1372 1715 14,
1397 1682 1427 1712 3.
1454 1699 1499 1702 -

808 1724 911 1766 spol„
953 1724 994 1757 da
1028 1724 1080 1757 die
1115 1724 1231 1757 Eltern
1266 1725 1338 1758 sein
1372 1735 1498 1767 ganzes

810 1769 838 1801 V
841 1772 1003 1812 ermogen
1017 1769 1308 1804 zuruckbehalten
1322 1771 1443 1804 haben.
1453 1790 1498 1794 —

810 1827 830 1849 a
857 1817 952 1858 quib.
978 1835 1022 1839 -
1047 1819 1173 1859 oport..
1200 1828 1225 1850 s.
1253 1827 1279 1849 c.
1295 1818 1349 1853 24,
1367 1818 1497 1855 11;31.

807 1864 838 1901 3,
854 1863 961 1899 2ς29.
977 1864 1102 1897 30.11.
1128 1861 1197 1904 vgl.
1225 1864 1279 1903 42,
1294 1864 1348 1897 37.
1364 1864 1402 1898 8:
1430 1862 1497 1895 Cic.

807 1908 897 1941 Fam.
926 1909 1057 1946 5,1,1;
1094 1908 1194 1940 video
1221 1908 1321 1940 illum
1347 1910 1499 1941 etr-eum-

808 1958 949 1986 ventum
973 1972 1017 1978 —-
1043 1964 1063 1986 a
1097 1955 1224 1996 quibus
1248 1956 1393 1986 minime
1418 1965 1499 1987 con-

812 2001 983 2032 veniebat.
1007 2019 1052 2022 —
1077 2000 1130 2032 dii
1151 2010 1207 2042 pr.
1235 2011 1291 2041 es„
1323 2011 1377 2033 um
1403 2000 1499 2033 ihren

808 2046 895 2079 Zorn
920 2046 1004 2078 iiber
1022 2045 1075 2078 die
1094 2045 1176 2088 folg.
1195 2046 1415 2089 Aeusseruug
1440 2046 1499 2079 ab-

810 2091 1010 2133 zuwenden,
1037 2091 1104 2133 vgl.
1132 2093 1163 2132 9,
1183 2093 1231 2125 19.
1251 2094 1300 2124 15.

853 2136 912 2172 12.
942 2140 967 2170 1.
1002 2137 1044 2170 de
1072 2137 1223 2170 Aebutio
1258 2137 1317 2170 hat
1350 2138 1422 2170 sich
1456 2148 1498 2170 an

810 2184 1037 2226 eoeploratum
1084 2183 1370 2226 angeschlossen,
1412 2186 1497 2215 statt

810 2228 887 2262 dass
914 2239 950 2262 es
975 2229 1009 2261 in
1035 2228 1113 2262 dem
1138 2229 1355 2272 abhangigen
1379 2238 1448 2261 ace.
1469 2238 1497 2261 c.

809 2274 867 2308 inf.
888 2275 1008 2308 stehen
1026 2274 1139 2312 sollte,
1157 2274 1226 2317 vgl.
1246 2274 1314 2307 Cic.
1334 2273 1427 2307 Brut.
1445 2276 1497 2314 15,

811 2322 851 2354 57
866 2333 872 2352 ;
899 2320 940 2352 de
959 2331 1027 2363 quo
1045 2322 1092 2353 sit
1104 2322 1297 2353 memoriae
1311 2319 1497 2363 ‘proditum

811 2365 1029 2408 eloquentem
1044 2365 1176 2406 fuisse,·
1192 2366 1236 2397 ib.
1253 2367 1306 2398 28.
1327 2367 1406 2403 109;
1425 2365 1496 2399 Fin.

815 2412 941 2453 1.2,5:
976 2412 1019 2444 de
1051 2422 1119 2454 qno
1145 2411 1308 2443 Licinius
1335 2410 1497 2450 ferreum

808 2458 1040 2500 scriptorem,-
1069 2456 1225 2497 alinlich,
1251 2467 1306 2490 wo
1332 2457 1387 2490 ein
1412 2457 1498 2490 indi-

811 2506 920 2535 recter
944 2502 1126 2544 Fragesatz
1153 2501 1260 2544 folgt,
1290 2513 1315 2535 s.
1342 2504 1372 2545 2,
1388 2504 1442 2543 33,
1458 2504 1496 2541 2;

812 2558 848 2581 es
884 2548 929 2581 ist
954 2547 1106 2581 dieselbe
1130 2547 1324 2581 Attraction
1349 2548 1415 2582 wie
1441 2551 1497 2583 42.

812 2596 867 2629 40.
887 2596 898 2627 l
915 2608 920 2626 :
941 2595 1125 2636 eoepectari
1150 2603 1214 2626 nos
1231 2595 1393 2627 arbitror
1411 2598 1495 2633 etc.;
