1747 2844
187 49 266 89 122

597 51 719 84 LIBER
743 50 902 83 xxxxll.
952 50 1042 83 CAP.
1071 53 1124 85 39.
1150 53 1204 84 40.

1461 70 1487 88 a.
1507 68 1537 87 u.
1555 60 1615 90 583.

145 176 164 207 4
187 169 355 209 nobilem
377 180 508 219 regem
532 174 567 206 et
590 166 728 219 populi
750 165 941 218 principis
962 173 1152 205 terrarum
1175 165 1352 205 omnium
1373 166 1533 217 legatos.
1573 174 1616 207 ut

186 228 223 266 in
246 232 460 277 conspectu
483 231 676 263 steterunt
698 224 903 262 dirimente
924 223 1051 268 amni,
1073 223 1271 275 paulisper
1291 224 1615 263 internuntiando

186 283 381 322 cunctatio
404 282 488 329 fuit,
510 282 588 320 utri
609 280 987 332 transgrederentur.
1027 280 1173 331 aliquid
1190 280 1245 319 illi
1266 279 1396 331 regiae
1410 280 1616 330 maiestati,

184 341 224 379 ln·
250 339 393 391 aliquid
424 338 562 391 populi
594 337 761 377 Romani
792 337 964 385 nomini,
997 349 1087 376 cum
1109 338 1336 389 praesertim
1359 337 1526 377 Perseus
1547 350 1617 390 pe-

145 406 163 436 5
185 398 291 436 tisset
308 396 576 448 conloquium,
596 394 879 434 existumabant
896 394 1041 433 deberi.
1073 394 1160 433 ioco
1178 394 1292 433 etiam
1309 394 1478 434 Marcius
1495 407 1615 434 cunc-

186 454 301 494 tantis
325 453 456 492 movit.
493 452 676 499 „minor“
698 451 827 503 inquit
848 451 919 498 „ad
946 451 1130 489 maiorem
1156 455 1221 490 et“
1239 474 1294 480 —
1312 451 1416 503 quod
1433 451 1615 504 Philippo

143 518 162 550 6
184 511 256 564 ipsi
289 522 508 562 cognomen
540 516 620 548 erat
643 533 696 537 —
720 508 858 556 „filius
887 508 931 547 ad
963 515 1112 560 patrem
1143 512 1352 549 transeat.“
1393 508 1506 548 facile
1527 521 1616 561 per-

183 580 340 608 suasum
362 568 399 606 id
421 567 504 618 regi
527 574 596 605 est.
638 566 740 604 aliud
762 565 901 604 deinde
923 565 1204 615 ambigebatur,
1235 578 1324 604 cum
1346 577 1462 617 quam
1483 566 1618 605 multis

186 625 380 665 transiret.

430 636 496 663 rex
524 635 613 662 cum
636 623 741 662 omni
773 623 955 661 comitatu
981 622 1146 661 transire
1167 634 1303 661 aecum
1326 622 1530 670 censebat3
1560 622 1616 662 le-

186 683 262 734 gati
284 682 342 721 vel
364 694 452 721 cum
475 680 600 720 tribus
629 680 761 719 venire
782 679 970 718 iubebant
990 679 1071 726 vel,
1097 679 1128 718 si
1149 685 1300 718 tantum
1322 691 1462 730 agmen
1484 680 1617 719 tradu-

144 748 161 778 τ
185 746 308 786 ceret,
341 739 498 777 obsides
528 738 619 776 dare
650 737 748 776 nihil
779 738 924 776 fraudis
946 738 1029 775 fore
1050 736 1090 775 in
1120 736 1344 788 conloquio.
1386 735 1557 788 Hippian
1581 743 1618 776 et

186 797 473 842 Pantauchum,
506 807 605 846 quos
636 801 672 833 et
706 794 853 845 legatos
874 794 1052 841 miserat,
1075 793 1276 845 principes
1297 793 1526 839 amicorum,
1548 793 1618 832 ob-

186 856 287 894 sides
319 853 434 892 dedit.

489 865 560 891 nee
591 858 668 890 tam
700 852 739 890 in
774 852 918 902 pignus
948 851 1035 889 fidei
1067 850 1222 889 obsides
1261 850 1465 889 desiderati
1495 857 1617 898 erant,

186 924 299 964 quam
323 917 364 950 ut
386 916 591 962 appareret
620 909 738 947 sociis
760 920 1005 960 nequaquam
1038 920 1080 946 ex
1108 907 1296 958 dignitate
1325 906 1409 959 pari
1430 907 1619 959 congredi

143 977 162 1009 8
183 981 312 1020 regem
335 979 423 1007 cum
447 966 592 1018 legatis.
644 965 821 1004 salutatio
846 978 923 1004 non
949 972 1144 1016 tamquam
1168 964 1360 1011 hostium,
1395 965 1461 1003 sed
1482 964 1618 1017 hospi-

186 1025 271 1065 talis
292 1038 335 1064 ac
359 1024 525 1075 benigna
550 1023 641 1070 fuit,
665 1023 880 1074 positisque
897 1022 1054 1061 sedibus
1076 1022 1351 1061 consederunt.

116 1087 166 1123 40

300 1082 397 1121 Cum
415 1080 614 1133 paulisper
629 1079 825 1118 silentium
844 1080 992 1125 suisset,
1015 1078 1237 1131 „expectari
1255 1081 1354 1117 nos“
1371 1077 1500 1130 inquit
1512 1077 1618 1117 Mar-

186 1140 269 1179 cius
291 1138 499 1186 „arbitror,
529 1144 572 1176 ut
593 1137 899 1189 respondeamus
919 1136 1063 1175 litteris
1085 1136 1174 1183 tuis,
1198 1147 1294 1187 quas
1315 1135 1523 1187 Corcyram
1543 1135 1618 1174 mi-

186 1197 282 1243 sisti,
304 1197 342 1234 in
366 1195 509 1247 quibus
541 1195 707 1246 quaeris,
741 1194 832 1245 quid
864 1194 913 1232 ita
936 1193 1050 1243 legati
1074 1205 1162 1231 cum
1186 1191 1375 1231 militibus
1395 1191 1618 1231 venerimus

146 1265 164 1297 2
187 1261 221 1293 et
242 1253 432 1306 praesidia
454 1252 493 1290 in
516 1251 692 1302 singulas
714 1251 831 1289 urbes
853 1250 1105 1289 dimittamus.
1151 1249 1196 1288 ad
1218 1250 1320 1288 hanc
1340 1248 1617 1299 interrogatio-

186 1323 275 1350 nem
306 1317 411 1348 tuam
445 1315 480 1347 et
511 1321 590 1347 non
621 1308 861 1360 respondere
882 1319 1029 1353 vereor,
1062 1319 1109 1345 ne
1131 1306 1347 1358 superbum
1369 1306 1442 1353 sit,
1472 1312 1509 1345 et
1529 1318 1618 1345 vera

146 1382 163 1413 3
184 1368 444 1420 respondere,
475 1379 523 1404 ne
555 1365 671 1404 nimis
700 1365 884 1404 acerbum
914 1364 1086 1403 audienti
1117 1363 1186 1403 tibi
1208 1363 1396 1402 videatur.
1439 1363 1506 1402 sed
1528 1375 1618 1402 cum

186 1461 262 1489 erat
288 1461 328 1489 st.
358 1458 475 1487 ium-at
506 1454 660 1497 gelesen;
694 1453 734 1486 da
769 1454 865 1486 iiber—

185 1503 256 1536 dies
282 1502 313 1534 d.
340 1501 394 1534 Hs.
423 1503 565 1532 inerant
591 1500 659 1539 liat,
685 1510 722 1532 so
748 1500 791 1533 ist
812 1498 865 1531 die

185 1547 288 1581 Stelle
314 1547 404 1579 viell.
430 1545 520 1579 nicht
547 1545 685 1588 rii-litig2
713 1556 787 1578 man
816 1555 865 1577 er-

187 1597 305 1626 wartet
331 1597 419 1625 etwa
446 1595 604 1624 moverat
618 1591 672 1623 od.
695 1594 867 1623 venerant

186 1645 313 1672 antem.
345 1658 387 1662 —
421 1642 503 1669 terr.
539 1648 642 1678 omn„
675 1637 777 1680 praef.
805 1646 866 1669 nur

187 1690 362 1717 terrarum
375 1696 386 1722 ,·
403 1686 455 1721 34,
470 1684 523 1721 58,
540 1684 558 1716 S
571 1685 755 1728 :principi
771 1684 865 1714 orbis

187 1736 365 1763 terr-arum
398 1729 540 1771 populi,
575 1739 615 1760 an
650 1739 682 1761 u.
708 1728 757 1761 St.
793 1738 867 1760 ver-

187 1777 280 1809 kfirzt
316 1779 357 1808 st.
391 1774 605 1817 populorum
638 1776 673 1805 in
709 1775 868 1806 omnibus

189 1824 293 1854 terris
318 1821 566 1852 habitantium.

231 1868 331 1901 4—3.
357 1870 396 1897 nt
422 1868 458 1897 in
485 1876 602 1906 consp.
629 1863 711 1906 geht
736 1863 825 1904 auf}
848 1865 866 1896 2

188 1916 358 1945 venerunt
383 1910 519 1944 zuriick.
551 1929 594 1934 —
627 1912 776 1947 interm,
810 1909 867 1941 da-

188 1958 291 1991 durch
329 1955 637 1992 dass-entstand;
676 1954 735 1988 das
774 1954 869 1987 Wort

188 2003 294 2037 findet
318 2003 389 2036 sich
415 2002 505 2035 viell.
531 2012 592 2034 nur
618 2001 706 2043 hier,
734 2003 788 2040 33,
815 2002 868 2041 28,

193 2054 248 2083 ll:
276 2050 533 2081 internuncius,
559 2066 602 2071 -—
629 2057 707 2079 cum
732 2056 869 2091 praes„

189 2098 220 2136 3,
246 2097 300 2131 52,
325 2097 362 2130 9:
390 2094 433 2126 ib.
461 2095 514 2128 72.
540 2095 576 2129 2:
609 2094 663 2133 32,
690 2093 743 2133 20,
770 2094 800 2125 6.
827 2110 870 2115 -

188 2142 480 2173 minor—maior
512 2139 555 2172 ist
588 2148 629 2171 an
663 2137 734 2171 sich
771 2137 871 2170 zwei-

189 2186 314 2229 dentig‚
341 2184 525 2218 besonders
548 2184 589 2216 da
604 2186 783 2216 maiestati
796 2193 871 2215 vor—

190 2232 342 2275 liergeht,
367 2231 447 2264 aber
473 2231 531 2263 das
546 2230 640 2272 Folg.
667 2229 768 2272 zeigt,
793 2228 871 2261 dass

189 2288 266 2310 vom
293 2277 386 2310 Alter
418 2276 471 2309 die
498 2275 587 2309 Rede
613 2275 676 2316 ist,
709 2285 734 2308 s.
764 2277 793 2316 1,
818 2276 872 2315 53,

190 2326 219 2356 5.
247 2341 286 2346 —
315 2322 489 2364 Philippo,
516 2331 544 2355 c.
570 2322 624 2361 33,
650 2322 681 2353 9.
720 2340 757 2344 —
795 2330 871 2352 am-

191 2370 271 2410 hig..
296 2378 324 2401 c.
350 2369 404 2406 29,
423 2371 462 2403 5:
488 2369 543 2401 40.
575 2369 622 2406 15,
650 2369 679 2399 4.
707 2385 751 2389 ——
777 2365 871 2397 vel-

191 2415 281 2455 1'llb.‚
317 2414 365 2447 sie
400 2413 521 2446 wollen
561 2412 624 2444 den
660 2411 769 2454 Konig
800 2410 870 2444 ihre

191 2458 309 2491 Hoheit
343 2458 455 2491 fiihlen
494 2458 622 2499 lassen,
662 2457 781 2490 anders
816 2458 870 2495 32,

191 2506 244 2543 39,
279 2506 307 2537 8.
341 2524 383 2527 —
417 2505 573 2546 Hippian
600 2514 625 2536 s.
663 2506 718 2544 31,
752 2505 808 2544 40,
840 2504 870 2543 S,

191 2549 342 2592 dagegen
358 2550 524 2592 Hippiam
551 2560 579 2582 c.
606 2551 660 2588 54,
687 2551 722 2587 ῖς
748 2549 870 2588 44,23,

937 1455 965 1486 2.
994 1472 1032 1476 ———-
1060 1455 1175 1494 princ.
1203 1463 1282 1491 am.‚
1308 1453 1328 1494 ξ
1355 1453 1393 1487 2;
1420 1453 1473 1492 44,
1500 1453 1554 1493 23,
1580 1453 1618 1490 2;

936 1497 1038 1532 Beide
1064 1502 1169 1531 nennt
1183 1497 1267 1531 auch
1284 1497 1403 1541 Polyb.
1429 1499 1483 1540 27,
1510 1499 1545 1536 8;
1566 1498 1619 1539 28,

935 1546 970 1582 9;
999 1545 1052 1585 29,
1079 1544 1134 1578 2f.
1164 1563 1200 1566 —
1229 1554 1310 1575 nec:
1342 1542 1427 1576 doch
1455 1541 1558 1583 nicht,
1586 1543 1620 1576 in

936 1590 1049 1633 Bezug
1064 1589 1226 1622 aufnihil
1238 1589 1391 1628 fraudis.
1416 1608 1461 1612 ——
1486 1591 1523 1620 in
1541 1590 1620 1631 pig-

936 1647 1012 1675 nus,
1039 1638 1093 1677 39,
1119 1637 1173 1678 28,
1201 1637 1231 1668 6.
1258 1653 1300 1658 ——·
1326 1645 1372 1666 εει·
1397 1634 1496 1676 dign.
1522 1644 1619 1677 aeq.:

936 1692 1001 1714 von
1058 1680 1131 1714 dem
1181 1679 1418 1723 Standpunkte
1473 1679 1622 1722 gleicher

939 1726 1065 1766 Wijrde
1078 1737 1148 1767 aus,
1175 1737 1201 1759 s.
1217 1728 1269 1763 39,
1296 1727 1350 1768 36,
1379 1728 1416 1764 1;
1442 1727 1498 1764 44,
1526 1728 1553 1767 1,
1580 1727 1620 1758 7:

939 1784 983 1804 eac
1032 1773 1207 1814 dignitate
1246 1770 1399 1803 Romani
1444 1772 1621 1811 nominis;

938 1818 1074 1857 Quintil.
1091 1820 1122 1859 2,
1151 1820 1200 1858 19,
1228 1819 1310 1850 2:si
1323 1827 1369 1848 em
1381 1818 1465 1859 par-i
1484 1820 1619 1850 coeant.

937 1883 981 1887 -
1007 1864 1158 1896 hostium
1185 1872 1303 1905 wegen
1329 1861 1389 1894 der
1414 1861 1619 1895 Paronoma-

938 1910 1006 1949 sie,
1037 1919 1063 1942 s.
1092 1911 1145 1948 36,
1171 1909 1225 1948 29,
1251 1910 1282 1947 6,
1308 1906 1508 1941 schwerlich
1534 1907 1619 1940 nach

938 1954 1079 1998 Polyb„
1116 1953 1157 1986 da
1192 1953 1336 1987 Perseus
1373 1952 1457 1986 nach
1494 1952 1620 1986 diesem

938 2005 1006 2033 erst
1032 2011 1060 2033 c,
1087 2002 1130 2034 48
1161 1999 1213 2032 fiir
1244 1999 1340 2031 einen
1366 1997 1470 2031 Feind
1495 1997 1622 2032 erklart

940 2045 1033 2079 wird.

983 2090 1046 2126 40.
1075 2093 1170 2124 1—3.
1197 2091 1382 2132 eoepectarz'
1392 2099 1457 2121 nos
1473 2089 1517 2122 ist
1535 2088 1621 2122 eben

939 2148 977 2171 so
993 2141 1113 2180 gesagt
1127 2136 1190 2169 wie
1205 2137 1259 2176 23,
1276 2137 1327 2176 10,
1341 2136 1379 2168 3:
1406 2145 1484 2166 eum
1499 2138 1620 2176 postu-

941 2184 1029 2224 lare,
1054 2186 1094 2214 ut
1117 2181 1367 2218 sibv'dedalur5
1392 2180 1462 2223 vgl.
1489 2182 1544 2221 31,
1566 2181 1621 2220 27,

940 2233 978 2267 5;
1006 2230 1060 2269 39,
1089 2229 1137 2267 12,
1169 2229 1203 2264 1;
1230 2226 1300 2268 vgl.
1324 2224 1400 2259 Hor.
1428 2224 1490 2258 Od.
1521 2226 1548 2267 1,
1566 2226 1621 2267 32,

946 2277 980 2308 1:
1006 2276 1204 2317 poscimur;
1230 2282 1294 2304 nos
1315 2270 1399 2304 wird
1420 2280 1458 2304 so
1484 2270 1620 2303 hervor-

941 2320 1115 2363 gehoben,
1150 2318 1191 2351 da
1222 2327 1299 2350 man
1330 2316 1423 2349 hatte
1455 2319 1622 2349 erwarten

941 2366 1089 2405 konnen,
1113 2363 1191 2397 dass
1215 2362 1370 2403 Perseus,
1404 2361 1483 2395 weil
1508 2371 1543 2395 er
1567 2360 1622 2397 die

944 2409 1176 2452 Unterredung
1199 2407 1355 2450 verlangt
1379 2407 1484 2450 hatte,
1509 2409 1622 2441 zuei-st

942 2456 1041 2489 reden
1068 2453 1202 2494 wi'irde,
1235 2452 1273 2487 K.
1299 2454 1375 2486 321.
1407 2472 1448 2477 -
1482 2452 1622 2494 litteris,

940 2513 967 2535 c.
983 2504 1036 2540 37,
1063 2505 1093 2535 5.
1120 2519 1159 2523 —
1187 2501 1340 2541 quaeris,
1367 2498 1441 2532 weil
1462 2498 1520 2531 der
1534 2497 1626 2531 Bries

942 2547 1026 2580 noch
1043 2545 1197 2588 v‘orliegt.
1222 2564 1266 2567 —
1289 2545 1441 2587 superb„
1465 2545 1485 2586 ξ
1501 2546 1554 2578 10.
1576 2561 1622 2567 -—
