1779 2893
7 0 62 143 ξ
110 87 138 106 a.
158 78 212 105 Ch.
235 77 293 105 173.

8 145 28 182 ἒέ

1 2813 32 2893 arx·
5 2774 17 2793 ν
16 2707 21 2712 -

542 66 672 100 LIBER
695 65 858 99 xxxxll.
907 64 1002 99 CAP.
1029 67 1060 98 5.
1514 60 1566 99 67

109 185 232 227 animi
249 190 289 225 et
305 185 508 239 aliquanto
526 197 645 238 quam
661 184 701 223 in
718 184 941 224 Eumenem
956 181 1255 235 propensiores,
1272 193 1363 221 cum
1379 180 1572 221 Eumenis
1591 188 1610 220 3

108 243 315 284 beneficiis
355 242 672 296 muneribusque
710 254 849 282 omnes
884 240 1071 281 Graeciae
1104 240 1279 280 civitates
1316 246 1354 279 et
1387 238 1570 292 plerique

108 302 342 356 principum
357 301 517 354 obligati
534 306 680 349 essent,
705 306 743 340 et
760 301 813 341 ita
830 313 872 340 se
892 300 935 339 in
955 311 1082 351 regno
1105 310 1178 338 suo
1201 304 1367 349 gereret,
1390 303 1446 346 ut,
1469 309 1569 350 quae

109 359 183 400 sub
215 360 373 400 dicione
404 359 489 400 eius
518 359 639 399 urbes
661 367 802 407 essent,
833 357 984 398 nullius
1007 356 1154 396 liberae
1177 356 1344 396 cixitatis
1366 355 1569 395 fortunam

109 430 246 458 secum
281 424 473 459 mutatam
508 416 666 457 vellent.

729 422 867 457 contra
896 416 1040 456 Persea
1074 414 1177 454 fama
1213 421 1294 453 erat
1324 419 1413 467 post
1443 413 1568 466 patris
1589 420 1609 453 4

107 481 277 516 mortem
307 488 473 516 uxorem
493 488 614 516 manu
637 488 707 515 sua
730 475 945 522 occidisse;
977 472 1168 526 Apellem,
1191 471 1418 511 ministrum
1440 483 1569 524 quon-

108 534 198 574 dam
213 533 362 574 fraudis
378 534 420 574 in
436 534 557 574 fratre
572 533 748 574 tollendo
766 539 884 586 atque
900 531 949 572 ob
967 531 1006 571 id
1022 532 1090 582 [et]
1107 530 1329 584 quaesitum
1345 542 1367 569 a
1381 529 1568 582 Philippo

107 591 156 631 ad
192 592 435 645 supplicium
471 592 718 638 exulantem,
754 591 994 631 accersitum
1028 595 1119 642 post
1154 588 1279 642 patris
1307 593 1476 627 mortem
1506 587 1568 626 in-

107 649 295 702 gentibus
309 650 516 704 promissis
533 650 579 690 ad
596 649 771 703 praemia
792 655 924 689 tantae
954 652 1204 701 perpetratae
1233 646 1291 686 rei
1314 645 1413 685 clam
1444 645 1568 685 inter-

106 708 260 748 fecisse.
297 708 500 748 intestinis
515 708 770 761 externisque
791 713 995 760 praeterea
1016 704 1151 745 multis
1173 703 1359 744 caedibus
1381 703 1569 743 infamem
1590 711 1609 743 5

107 778 184 805 nec
206 765 290 806 ullo
312 766 670 807 commendabilem
691 766 832 806 merito
855 763 1132 819 praeferebant
1151 762 1267 814 volgo
1291 761 1467 801 civitates
1488 769 1568 800 tam

107 823 174 877 pio
191 836 284 877 erga
299 825 564 878 propinquos,
587 831 666 864 tam
688 824 791 864 iusto
813 824 855 863 in
879 823 986 870 civis,
1009 828 1088 862 tam
1109 821 1299 860 munifico
1324 832 1416 872 erga
1439 819 1569 859 omnis

105 882 292 922 homines
314 882 422 935 regi,
456 895 526 923 seu
548 883 650 922 fama
673 888 711 922 et
730 882 935 922 maiestate
956 880 1218 920 Macedonum
1238 890 1382 930 regum
1404 889 1569 931 praeoc-
1589 886 1609 919 6

107 940 241 994 cupati
256 940 304 980 ad
319 941 584 994 spernendam
606 940 803 992 originem
823 940 915 979 novi
936 938 1065 990 regni,
1088 950 1157 977 seu
1178 936 1414 976 mutationis
1435 947 1569 975 rerum

107 998 256 1051 cupidi,
279 1011 350 1038 seu
373 998 464 1052 quia
487 1011 569 1038 non
593 998 737 1038 obiecti
760 1010 846 1038 esse
862 996 1054 1036 Romanis
1074 995 1271 1035 volebant.
1310 1001 1422 1034 erant
1438 1000 1570 1033 autem
1590 1004 1607 1035 7

107 1068 189 1096 non
220 1055 350 1096 Aetoli
386 1057 505 1096 modo
541 1057 581 1096 in
619 1055 883 1096 seditionibus
917 1060 1083 1108 propter
1119 1054 1324 1105 ingentem
1359 1052 1437 1091 vim
1467 1050 1570 1091 aeris

106 1113 250 1161 alieni,
281 1114 349 1154 sed
371 1114 550 1154 Thessali
581 1114 711 1154 etiam.

775 1126 822 1153 ex
853 1112 1091 1164 contagione
1122 1111 1229 1150 velut
1261 1110 1370 1149 tabes
1402 1110 1442 1149 in
1474 1109 1569 1149 Per-

105 1171 308 1212 rhaebiam
338 1184 500 1225 quoque
529 1172 567 1211 id
590 1177 816 1224 pervaserat
836 1170 997 1210 malum.
1041 1181 1132 1208 eum
1154 1167 1366 1208 Thessalos
1388 1168 1429 1207 in
1451 1167 1572 1207 armis
1591 1177 1610 1211 Β

107 1242 194 1270 esse
215 1229 442 1270 nuntiatum
457 1236 572 1278 esset,
590 1231 663 1283 Ap.
682 1228 889 1269 Claudium
904 1228 1077 1281 legatum
1095 1227 1142 1267 ad
1160 1239 1225 1266 eas
1240 1239 1305 1266 res
1321 1225 1569 1279 aspiciendas

105 1362 151 1369 —
175 1353 332 1386 magnae
355 1353 402 1386 p.‚
428 1353 454 1377 s.
482 1345 515 1385 9,
540 1345 596 1385 46,
624 1345 653 1376 7.
680 1361 723 1367 ——
743 1344 801 1375 ob-

108 1389 227 1432 ligati,
252 1399 292 1423 so
317 1389 426 1423 sehon
451 1390 588 1423 Attalus
614 1391 670 1430 31,
693 1391 800 1428 15,2;

104 1435 275 1470 Eumenes
291 1445 362 1470 war
377 1436 428 1469 als
442 1435 577 1469 Freund
603 1435 662 1469 der
678 1435 802 1469 Romet

105 1481 275 1524 verhasst‚
301 1482 373 1525 vgl.
397 1492 425 1516 c.
454 1484 507 1524 12,
534 1485 573 1521 7;
603 1485 655 1523 14,
678 1484 730 1516 10.
762 1502 797 1506 —

102 1532 259 1571 gereret,
284 1527 339 1562 die
358 1527 605 1572 Ver'anderung
630 1528 690 1562 des
715 1527 802 1561 Sub-

99 1575 213 1617 Jectes
238 1584 307 1608 s.c.
323 1576 404 1614 2,2;
431 1577 486 1617 41,
512 1576 567 1615 25,
593 1576 625 1609 6.
651 1593 694 1598 —
710 1585 802 1617 quae

104 1631 132 1654 ε.
160 1620 242 1663 die„
268 1631 295 1654 s.
320 1622 377 1663 38,
403 1622 457 1662 38,
484 1622 521 1659 2;
553 1623 602 1659 10;
630 1631 667 1654 es
685 1630 801 1653 waren

104 1670 206 1701 unter
230 1667 348 1701 diesen
372 1667 462 1703 >viele
476 1666 688 1711 griechische
703 1666 801 1700 Staa—

103 1715 174 1754 ten,
201 1723 227 1748 s.
254 1715 309 1756 38,
326 1715 380 1753 39,
399 1715 439 1747 14
455 1713 477 1748 f.
503 1733 548 1738 —
572 1724 639 1746 sec.
660 1717 802 1753 mutat„

105 1761 161 1804 21,
187 1762 243 1802 45,
269 1761 300 1794 6.

152 1808 255 1841 4-6.
279 1805 381 1846 fama
401 1817 462 1848 eru,
487 1805 579 1840 viell.
595 1815 662 1839 von
682 1804 800 1839 seinen

105 1852 254 1886 Feinden
289 1852 485 1886 vei-breitet.
518 1872 563 1876 ——
589 1862 711 1893 uxor„
746 1851 801 1885 die

106 1900 241 1941 c.12‚3
267 1898 443 1932 erwahnte
468 1899 513 1933 ist
527 1899 595 1932 wol
622 1897 715 1932 nicht
740 1908 799 1941 ge·

105 1945 221 1979 meint.
248 1964 292 1969 -—
318 1945 588 1987 Apell.,4o,55‚
615 1945 660 1979 ist
686 1955 724 1977 so
739 1954 799 1988 ge-

106 1995 194 2036 sagt,
220 1991 271 2025 als
288 1991 332 2025 ob
359 1991 392 2024 in
419 1991 569 2035 gleicher
584 1991 698 2024 Weise
711 1990 799 2024 noch

107 2038 162 2072 ein
199 2037 282 2071 oder
321 2037 473 2071 mehrere
511 2037 646 2071 Punkte
683 2037 800 2080 folgen

107 2083 251 2127 sollten,
289 2083 383 2117 diese
423 2084 504 2117 aber
537 2083 613 2117 sind
647 2085 666 2126 ξ
693 2086 712 2117 5
739 2083 799 2115 mit

104 2133 296 2174 praeterea
309 2132 373 2163 etc.
399 2129 433 2162 in
457 2129 601 2163 anderer
618 2129 718 2162 Form
743 2139 800 2162 an-

107 2175 238 2220 geffigt.
263 2195 306 2199 —
333 2177 561 2209 minist—in
581 2175 608 2215 f.
624 2176 698 2208 toll.
726 2179 802 2215 etc„

107 2226 204 2257 sonst
218 2222 280 2256 mit
305 2221 383 2255 dem
397 2221 553 2263 Genetiv‚
579 2232 605 2255 s.
621 2224 676 2263 40,
691 2223 800 2263 20,4;

108 2270 141 2311 3,
166 2270 222 2310 57,
248 2270 268 2303 3
294 2279 327 2302 u.
353 2278 396 2310 a,
422 2268 494 2312 vgl.
526 2270 553 2312 1,
580 2270 635 2309 47,
661 2270 700 2302 6:
726 2278 800 2300 mo-

106 2319 264 2348 mentum
274 2316 313 2347 in
321 2314 442 2348 dando
453 2334 478 2339 -
490 2325 615 2357 regno.
626 2333 670 2339 —-
681 2324 801 2356 quaes.

107 2380 138 2386 -
152 2361 247 2394 exul.
258 2378 287 2391 =
298 2371 378 2394 eum
393 2364 612 2404 quaesitus—
622 2360 799 2401 eoeularet,

108 2406 178 2451 vgl.
205 2409 237 2450 3,
261 2408 317 2449 26,
343 2408 380 2441 9:
407 2406 590 2447 fodiens—
608 2409 800 2439 innioeus-

108 2456 281 2496 rogatus,-
313 2455 346 2496 8,
378 2455 411 2496 7,
448 2457 505 2488 11:
539 2453 682 2496 cuspidi
708 2454 801 2484 inni-

107 2509 197 2532 xum
211 2499 432 2532 attollentem
444 2511 504 2541 se;
516 2502 572 2539 45,
587 2501 618 2541 6,
634 2501 653 2533 6
664 2510 696 2532 u.
710 2508 739 2531 a.
759 2517 801 2522 —

107 2549 190 2589 post
223 2549 321 2590 patr.
354 2556 400 2579 m.
436 2546 481 2580 ist
518 2544 803 2579 wahrscheinlieh

108 2603 178 2627 von
203 2594 238 2627 1..
263 2593 382 2636 selbst,
410 2595 558 2637 quaesit.
586 2603 607 2625 a
624 2592 713 2625 Phil.
741 2601 800 2635 ge-

873 1341 1026 1385 geniiber
1052 1339 1266 1380 wiederholt,
1293 1339 1387 1373 nicht
1406 1350 1474 1373 von
1500 1339 1570 1371 Ab·

873 1388 1081 1422 schreibern.
1108 1407 1151 1410 —
1167 1389 1376 1429 eoecernisq„
1399 1396 1433 1419 es
1449 1386 1494 1419 ist
1507 1385 1569 1419 das

874 1445 901 1467 c.
922 1435 973 1475 13,
987 1436 1007 1468 6
1029 1433 1212 1467 Erwahnte
1227 1433 1391 1476 gemeint.
1416 1451 1461 1457 —
1476 1442 1568 1465 com-

873 1480 1077 1523 mendabil„
1105 1481 1159 1519 37,
1176 1482 1206 1521 7,
1227 1481 1276 1513 15.
1302 1498 1347 1502 —
1368 1481 1442 1522 pio,
1457 1488 1568 1522 gegen

873 1525 999 1559 Mutter
1033 1525 1102 1559 und
1139 1524 1285 1566 Briider,
1321 1535 1347 1558 s.
1384 1536 1413 1558 c.
1449 1527 1500 1566 16,
1528 1527 1567 1567 7;

875 1575 930 1615 40,
958 1574 988 1613 8,
1020 1575 1076 1614 14,
1107 1572 1174 1605 wie
1206 1571 1342 1604 Attalus
1369 1573 1423 1611 33,
1455 1573 1511 1614 21,
1537 1574 1568 1604 4.

872 1638 917 1643 -
942 1630 1004 1651 seu
1030 1622 1107 1659 etc.,
1132 1617 1192 1651 der
1205 1618 1320 1651 wahre
1335 1617 1463 1660 Grund,
1490 1617 1569 1651 dass

872 1675 951 1698 man
977 1665 1010 1698 in
1038 1664 1182 1698 Perseus
1209 1664 1262 1698 die
1289 1664 1422 1707 einzige
1448 1664 1568 1698 Stfitze

872 1722 984 1756 gegen
1018 1710 1072 1745 die
1109 1710 1233 1744 Romer
1270 1710 1353 1753 sah,
1390 1711 1436 1743 ist
1471 1709 1569 1743 fiber-

873 1768 1021 1802 gangen,
1048 1768 1075 1791 s.
1103 1768 1131 1791 c.
1163 1759 1216 1797 12,
1243 1758 1274 1798 2,
1301 1757 1372 1800 vgl.
1400 1757 1487 1812 auch
1512 1757 1568 1793 41,

872 1804 1122 1892 ἒῗ’11ἒ’3ἒ“ἷ“ἓ
1133 1805 1167 1890 ἵζ’
1186 1806 1451 1883 ἑῗῧῖ-ῑηῖῖἒὲῑ
1467 1804 1568 1884 ῗέὶῗῐ

871 1896 983 1930 Absall
1009 1908 1078 1930 von
1105 1897 1169 1929 den
1186 1896 1346 1929 ROmern.
1368 1915 1410 1919 —
1428 1897 1568 1933 obiecti,

871 1944 936 1976 wie
962 1945 1017 1984 34,
1043 1945 1075 1984 9,
1102 1945 1139 1977 4:
1168 1942 1569 1985 Hispam‘s—obiectos;

871 1992 931 2027 36,
959 1992 998 2031 5,
1034 1993 1071 2024 5:
1104 2000 1148 2021 ne
1172 2000 1208 2020 se
1230 2008 1259 2013 -
1283 1988 1443 2021 Romano
1477 1988 1566 2021 bello

871 2037 1044 2076 obiceret,-
1072 2037 1102 2077 2,
1129 2038 1183 2077 61,
1212 2037 1250 2072 4;
1277 2034 1317 2067 da
1344 2034 1398 2067 die
1425 2034 1480 2067 Hs.
1509 2035 1568 2067 ob-

872 2085 962 2114 ieeta
996 2082 1071 2122 hat,
1111 2092 1215 2115 verm.
1255 2080 1390 2114 Andere
1429 2082 1566 2113 obieeta

867 2128 1008 2171 praeda
1035 2127 1116 2161 oder
1151 2130 1272 2160 omnia
1299 2128 1457 2162 obieeta,
1483 2126 1566 2160 oder

874 2175 1014 2207 abiecti.

921 2221 1020 2253 7—9.
1048 2222 1128 2253 vim.
1155 2230 1228 2253 aer.
1257 2219 1316 2259 alt,
1341 2229 1368 2252 s.
1391 2217 1445 2252 die
1460 2218 1566 2252 Stelle

871 2276 932 2300 aus
958 2265 1055 2299 Diod.
1082 2276 1123 2298 zu
1150 2268 1205 2306 41,
1229 2267 1329 2307 25,1,
1355 2265 1564 2308 vgl.34,51,

872 2315 904 2346 5.
931 2332 976 2336 -
1003 2323 1047 2344 ea·
1064 2316 1170 2354 cont„
1195 2314 1382 2353 s.5,6,11,
1407 2311 1564 2355 dagegen

876 2361 904 2400 1,
934 2361 986 2400 15,
1008 2360 1039 2392 1:
1067 2360 1294 2401 contagione,
1320 2359 1374 2398 39,
1390 2359 1420 2397 9,
1440 2360 1451 2391 1
1470 2358 1567 2390 velut

874 2409 1016 2446 contag.
1047 2416 1079 2437 u.
1106 2415 1136 2439 a.
1161 2424 1205 2428 -—
1227 2404 1362 2442 Perrh„
1388 2405 1443 2444 33,
1459 2405 1512 2446 34,
1529 2406 1561 2438 6.

875 2470 915 2475 -
942 2454 1044 2483 nunt.
1061 2462 1135 2489 ess„
1159 2450 1220 2483 das
1234 2449 1566 2484 hds.71.eslk6nnte

872 2496 1058 2531 bedeuten:
1085 2496 1206 2530 sobald
1232 2496 1294 2537 als,
1321 2506 1348 2530 S.
1375 2498 1407 2537 4,
1433 2498 1564 2537 44,10;

874 2546 907 2585 6,
922 2545 976 2585 20,
991 2546 1027 2581 4;
1054 2545 1109 2582 45,
1135 2545 1257 2583 34,10.
1284 2562 1327 2566 —-
1353 2542 1423 2585 Ap.
1440 2541 1564 2575 Claud.

875 2590 933 2624 der
958 2601 986 2623 c.
1014 2591 1068 2630 25,
1096 2592 1109 2623 1
1140 2588 1193 2622 od.
1220 2588 1280 2622 der
1304 2591 1359 2631 41,
1382 2591 1435 2629 25,
1463 2591 1482 2623 5
1509 2599 1566 2633 ge-

1241 2647 1291 2680 5*
