1747 2844
686 332 884 418 Tm
929 364 1132 416 Livi

588 457 662 496 AB
710 456 883 496 URBE
931 455 1231 495 CONDITA

767 544 1051 578 LIBERXXXX.

13 627 88 673 32

589 659 594 678 1

146 684 168 717 1
306 682 506 734 Principio
523 683 768 734 insequentis
786 683 880 723 anni
899 682 1079 722 consules
1097 687 1376 734 praetoresque
1394 681 1522 721 sortiti
1539 693 1631 734 pro-

193 740 339 780 vincias
361 747 466 779 sunt.
510 739 739 778 consulibus
758 740 864 779 nulla
881 746 1037 792 praeter
1053 740 1218 790 Ligures
1236 751 1335 790 quae
1352 739 1632 779 decerneretur

194 804 285 837 erat.
327 797 530 836 iurisdicto
554 796 703 835 urbana
719 796 774 835 M.
794 797 966 849 Ogulnio
990 796 1112 844 Gallo,
1129 796 1232 835 inter
1248 797 1479 848 peregrinos
1496 796 1546 835 M.
1564 795 1634 834 Va-

152 858 172 890 2
192 855 289 894 lerio
321 854 470 902 evenit,
502 853 778 905 Hispaniarum
810 854 852 900 Q.
884 854 1018 893 Fulvio
1048 853 1188 892 Flacco
1221 853 1400 902 citerior,
1422 853 1465 892 P.
1488 852 1632 892 Manlio

192 910 378 959 ulterior,
409 910 452 949 L.
476 908 642 949 Caecilio
673 910 808 950 Dentri
840 911 991 958 Sicilia,
1016 910 1056 949 C.
1074 910 1259 949 Terentio
1289 909 1411 949 Istrae
1441 909 1633 949 Sardinia.

154 972 173 1004 3
194 968 360 1007 dilectus
381 967 524 1006 habere
547 967 730 1006 consules
752 968 861 1007 iussi.
885 967 928 1014 Q.
953 967 1096 1006 Fabius
1118 979 1163 1006 ex
1187 966 1400 1018 Liguribus
1425 967 1637 1018 scripserat

194 1027 381 1077 Apuanos
403 1025 449 1063 ad
471 1023 725 1063 rebellionem
747 1031 924 1076 spectare
946 1024 1247 1076 periculumque
1263 1036 1361 1073 esse,
1379 1037 1428 1063 ne
1445 1024 1636 1076 impetum

153 1087 174 1118 4
195 1083 235 1121 in
258 1093 394 1132 agrum
418 1081 604 1120 Pisanum
625 1082 822 1130 facerent;
861 1088 898 1121 et
919 1094 965 1120 ex
986 1081 1187 1132 Hispaniis
1209 1081 1431 1120 citeriorem
1452 1081 1493 1120 in
1515 1080 1633 1119 armis

197 1151 281 1179 esse
297 1145 336 1177 et
353 1150 441 1177 cum
461 1137 665 1177 Celtiberis
682 1138 817 1177 bellari
839 1138 1027 1184 sciebant,
1046 1138 1084 1176 in
1104 1138 1303 1187 ulteriore,
1330 1139 1421 1189 quia
1437 1138 1503 1177 diu
1520 1148 1637 1188 aeger

196 1201 299 1236 esset
320 1200 490 1246 praetor,
514 1194 666 1233 luxuria
689 1201 726 1234 et
748 1195 826 1234 otio
850 1195 1015 1234 solutam
1043 1194 1289 1246 disciplinam
1305 1195 1513 1234 militarem
1536 1206 1635 1233 esse.

155 1259 174 1290 5
196 1252 245 1291 ob
262 1265 303 1291 ea
322 1262 444 1291 novos
462 1252 656 1291 exercitus
672 1252 868 1291 conscribi
886 1252 1045 1304 placuit,
1063 1257 1248 1303 quattuor
1264 1251 1441 1303 legiones
1456 1252 1496 1290 in
1515 1251 1630 1301 Ligur·

198 1322 259 1349 res
274 1341 282 1357 ,
315 1309 372 1347 uti
394 1308 571 1359 singulae
593 1309 713 1359 quina
733 1309 838 1348 milia
861 1315 898 1348 et
920 1309 1095 1347 ducenos
1116 1309 1289 1360 pedites,
1315 1314 1498 1348 trecenos
1519 1307 1638 1346 habe-

198 1373 287 1405 rent
309 1366 481 1416 equites;
505 1366 701 1404 sociorum
720 1366 857 1405 iisdem
874 1365 1002 1405 Latini
1019 1366 1191 1404 nominis
1209 1365 1434 1417 quindecim
1449 1365 1553 1404 milia
1569 1377 1639 1416 pe-

199 1423 322 1462 ditum
352 1422 478 1461 addita
509 1428 546 1461 et
577 1422 793 1473 octingenti
824 1423 996 1474 equites3
1020 1422 1159 1461 hiduo
1183 1422 1411 1461 consulares
1442 1421 1638 1461 exercitus

159 1485 179 1517 6
200 1485 344 1520 essent.
383 1479 555 1518 scribere
585 1485 786 1530 praeterea
817 1479 912 1518 iussi
934 1485 1080 1531 septem
1104 1479 1209 1518 milia
1239 1479 1416 1530 peditum
1440 1479 1641 1518 sociorum

201 1550 245 1577 ac
266 1536 393 1576 Latini
415 1536 586 1574 nominis
609 1542 647 1575 et
667 1536 977 1588 quadringentos
999 1535 1151 1587 equites
1174 1541 1211 1575 et
1230 1536 1387 1575 mittere
1407 1536 1454 1575 ad
1470 1536 1521 1576 M.
1539 1535 1641 1574 Mar—

202 1594 344 1633 cellum
366 1594 405 1632 in
438 1592 598 1631 Galliam
613 1624 622 1641 ,
646 1593 708 1633 cui
732 1606 776 1633 ex
799 1594 1006 1633 consulatu
1028 1599 1284 1645 prorogatum
1311 1592 1521 1644 imperium
1543 1596 1638 1631 erat.

161 1658 177 1688 7
200 1652 240 1690 in
264 1650 492 1701 Hispaniam
516 1656 723 1701 utramque
746 1663 844 1702 quae
867 1651 1108 1689 ducerentur
1130 1657 1316 1701 quattuor
1337 1649 1440 1689 milia
1463 1649 1640 1701 peditum

202 1707 343 1746 civium
365 1706 633 1745 Romanorum
666 1714 702 1746 et
724 1707 883 1746 ducenti
905 1707 1057 1758 equites
1080 1712 1117 1745 et
1138 1707 1336 1746 sociorum
1363 1712 1513 1758 septem
1534 1705 1640 1744 milia

160 1771 179 1803 8
200 1764 376 1816 peditum
395 1775 483 1802 cum
501 1763 686 1801 trecentis
704 1764 903 1814 equitibus
921 1763 1040 1803 scribi
1057 1764 1175 1803 iussa.
1217 1769 1255 1802 et
1271 1763 1315 1809 Q.
1332 1763 1451 1802 Fabio
1466 1761 1641 1802 Labeoni

201 1833 290 1860 cum
314 1820 509 1866 exercitu,
533 1832 649 1870 quem
665 1820 841 1868 habebat,
865 1821 905 1859 in
921 1818 1135 1871 Liguribus
1157 1825 1411 1872 prorogatum
1429 1820 1469 1858 in
1492 1830 1641 1858 annum

201 1877 410 1929 imperium
433 1882 547 1915 esset.

247 1965 308 2001 40.
345 1964 449 2000 1—2.
490 1968 518 1998 5.
570 1964 793 2008 Vertheilung
830 1965 888 1998 der

202 2012 392 2045 Provinzen
426 2010 494 2044 und
528 2010 651 2049 Heere,
693 2010 887 2053 Prodigien.

206 2058 264 2091 Iul.
293 2056 416 2100 Obseq.
447 2060 478 2090 5.

256 2105 353 2136 1—4.
379 2101 479 2134 nulla
512 2104 588 2143 ete,
622 2101 686 2134 wie
713 2103 766 2143 39,
782 2103 834 2141 38,
854 2104 888 2139 1;

207 2149 251 2181 ib.
279 2149 377 2189 32,1.
404 2167 447 2171 —
473 2147 688 2189 Hispaniar„
714 2147 802 2179 ohne
821 2157 890 2180 we-

209 2193 397 2228 sentlichen
414 2192 638 2225 Unterschied
662 2192 682 2235 §
705 2195 743 2225 4:
770 2204 815 2225 ex
832 2193 893 2224 Hi-

207 2241 365 2282 spaniis5
397 2249 455 2270 zur
489 2237 596 2270 Sache
631 2240 685 2279 39,
707 2240 761 2279 45,
784 2241 813 2271 4.
848 2258 893 2262 -

209 2287 362 2328 Apuan.5
390 2285 443 2325 39,
468 2285 519 2320 20,
535 2286 565 2317 5.
591 2284 721 2324 pisan„
747 2284 813 2316 wie
838 2285 892 2325 39,

211 2333 241 2371 2,
253 2334 283 2363 5.
294 2349 337 2353 —
349 2333 381 2362 et
395 2339 473 2361 omn
489 2329 583 2370 Calc„
598 2328 786 2366 erklarend,
801 2340 825 2362 s.
839 2330 892 2370 39,

213 2378 265 2410 56,
290 2378 300 2408 1
317 2390 323 2413 ς
349 2378 506 2417 praetor.
532 2376 577 2406 ih.
596 2376 651 2415 56,
669 2376 698 2407 2.
717 2393 761 2398 -—
778 2376 891 2416 sez'eb„

213 2421 316 2453 durch
342 2420 520 2461 Berichte,
561 2420 627 2451 wie
652 2420 774 2453 vorher
805 2422 893 2452 seq-z·-

212 2469 354 2507 pserat„
380 2476 407 2498 c.
435 2467 466 2505 2,
485 2468 515 2498 5.

263 2513 359 2543 5—5.
386 2513 506 2552 quati„
531 2510 564 2542 in
589 2510 756 2551 Ligurien,
788 2520 812 2542 s.
840 2512 894 2551 39,

215 2557 270 2597 45,
285 2557 314 2597 3,
332 2555 452 2597 haben,
482 2555 523 2588 da
542 2555 700 2588 Claudius
724 2566 749 2588 s.
775 2556 826 2597 39,
842 2557 895 2595 54,

961 1967 979 1998 2
995 1965 1079 1997 nach
1095 1965 1225 1998 Gallien
1241 1975 1393 2008 gezogen
1407 1965 1462 2001 ist,
1480 1975 1542 1997 nur
1555 1964 1642 1997 zwei

960 2010 1131 2053 Legionen
1166 2011 1362 2053 gestanden.
1388 2030 1433 2035 —
1458 2012 1568 2053 quina
1596 2019 1641 2042 m.

960 2068 987 2089 e.
1022 2057 1111 2098 duc„
1138 2067 1162 2089 s.
1191 2067 1217 2089 c.
1256 2058 1308 2099 18,
1330 2059 1368 2096 5;
1391 2059 1445 2097 37,
1468 2057 1521 2097 39,
1543 2057 1574 2089 7.
1602 2074 1646 2079 —

960 2102 1091 2143 iisdem,
1118 2101 1181 2134 den
1204 2102 1290 2135 eben
1317 2104 1510 2144 genannten
1527 2100 1646 2143 Legio-

963 2158 1038 2180 nen.
1059 2166 1102 2170 —
1120 2148 1240 2189 qvind.
1265 2148 1349 2189 mil.5
1376 2158 1400 2181 s.
1428 2158 1454 2181 c.
1482 2149 1535 2188 36,
1550 2149 1581 2179 6.
1599 2164 1644 2169 —

961 2196 1090 2235 septem
1103 2212 1148 2216 -—
1160 2195 1297 2235 imper„
1315 2192 1517 2225 schwerlich
1535 2192 1593 2224 hat
1610 2200 1645 2224 er

962 2238 1039 2271 blos
1065 2239 1118 2270 ein
1136 2238 1221 2271 Heer
1246 2249 1314 2271 von
1335 2237 1645 2279 Bundesgenossen

963 2283 1141 2325 beseliligt,
1163 2283 1307 2317 sondern
1326 2283 1417 2316 diese
1435 2282 1505 2316 wol
1521 2293 1563 2316 zu
1581 2281 1647 2314 sei-

965 2339 1029 2361 nen
1048 2329 1218 2371 Legionen
1241 2328 1403 2369 erhalten,
1431 2338 1455 2361 s.
1475 2329 1528 2367 39,
1544 2327 1599 2369 56,
1613 2329 1643 2368 3,

963 2373 1030 2415 vgl.
1057 2376 1110 2413 40,
1136 2376 1189 2415 25,
1209 2376 1239 2407 9.
1265 2393 1308 2396 —
1334 2376 1443 2415 quatt.
1469 2373 1541 2406 mil.
1567 2376 1644 2413 etc„

962 2418 1328 2462 Erg'anzungstruppen
1355 2418 1408 2451 sur
1425 2422 1444 2452 4
1462 2419 1645 2462 Legionen,

965 2474 989 2497 S.
1017 2465 1070 2503 39,
1090 2465 1140 2497 38.
1169 2466 1217 2497 10.
1244 2483 1288 2488 -—-
1311 2464 1438 2506 Fabio,
1465 2475 1501 2498 so
1528 2465 1645 2498 hatten

965 2509 1035 2542 drei
1068 2509 1317 2542 consularische
1343 2509 1448 2543 Heere
1480 2510 1515 2543 in
1548 2508 1648 2551 Ligu-

965 2554 1037 2587 rien
1063 2555 1260 2597 gestanden.
