1747 2844
179 196 227 232 22
246 189 457 227 iusserunt.

181 1329 232 1366 23

246 70 300 110 94
659 70 785 104 LIBER
809 70 968 103 XXXXll.
1006 70 1098 104 CAP.
1126 72 1180 104 22.
1207 72 1260 105 23.

1522 87 1547 106 a.
1569 86 1597 106 u.
1617 77 1677 105 582.

513 187 613 226 Tum
643 187 801 225 demum
830 184 1013 224 eonsules
1042 185 1082 223 in
1112 185 1353 237 provinciam
1384 184 1550 236 profecti
1586 188 1680 222 sunt

207 252 225 283 2
247 244 538 294 exercitumque
554 257 575 282 a
596 243 646 282 M.
668 242 821 295 Popilio
843 248 1093 293 acceperunt.
1136 255 1263 294 neque
1281 250 1407 280 tamen
1429 241 1480 279 M.
1501 240 1680 292 Popilius

247 301 386 340 reverti
407 300 571 339 Romam
601 300 786 347 audebat,
818 312 866 338 ne
896 311 1051 338 causam
1081 299 1224 338 diceret
1255 298 1415 338 adverso
1435 303 1596 345 senatu,
1618 296 1679 335 in-

246 358 404 398 festiore
426 357 595 409 populo,
625 357 727 409 apud
759 362 993 408 praetorem,
1017 355 1083 407 qui
1104 356 1151 394 de
1173 355 1404 407 quaestione
1429 355 1469 393 in
1492 366 1534 394 se
1554 353 1679 406 posita

206 422 225 454 3
246 421 427 455 senatum
448 414 722 453 consuluisset.
763 413 855 452 huic
876 412 1149 452 detractationi
1164 413 1248 451 eius
1270 411 1417 451 tribuni
1439 411 1564 463 plebis
1585 410 1680 449 alte-

247 473 328 512 rius
359 472 574 522 rogationis
603 470 903 510 denuntiatione
937 475 1218 517 occurrerunt,
1238 475 1303 516 ut,
1325 469 1357 508 si
1380 481 1462 508 non
1482 474 1573 507 ante
1592 467 1681 506 idus

247 528 486 568 Novembres
515 528 555 567 in
584 528 721 567 urbem
742 527 907 565 Romam
937 526 1158 574 introisset,
1188 527 1235 565 de
1263 525 1425 565 absente
1446 538 1491 564 eo
1514 524 1556 564 C.
1578 524 1681 562 Lici-

207 593 227 624 4
249 587 337 625 nius
359 591 544 625 statueret
564 598 608 624 ac
630 585 831 624 iudicaret.
871 584 946 622 hoc
967 590 1114 622 tractus
1134 582 1289 622 vinculo
1312 595 1401 622 cum
1423 582 1600 629 redisset,
1621 580 1682 619 in-

206 650 225 681 5
247 643 354 694 genti
384 654 474 681 cum
504 642 645 681 invidia
675 642 714 680 in
747 647 925 680 senatum
954 641 1071 679 venit.
1122 639 1176 679 ibi
1205 652 1294 679 cum
1323 639 1515 679 laceratus
1543 637 1682 688 iurgiis

247 700 462 739 multorum
484 704 607 744 esset,
641 704 802 737 senatus
823 697 1049 736 consultum
1072 697 1217 736 factum
1239 703 1317 743 est,
1341 704 1381 735 ut.
1403 696 1471 748 qui
1491 696 1683 746 Ligurum

247 763 338 810 post.
358 756 402 802 Q.
420 756 600 795 Fulvium
621 755 665 794 L.
683 754 869 794 Manlium
891 754 1074 793 consules
1094 755 1227 793 hostes
1249 766 1331 793 non
1352 753 1532 800 fuissent,
1552 760 1596 791 ut
1617 763 1684 790 eos

249 814 290 854 C.
313 814 488 852 Licinius
511 813 580 852 Cn.
604 812 776 851 Sicinius
798 818 997 863 praetores
1019 811 1058 849 in
1080 811 1297 850 libertatem
1328 810 1595 849 restituendos
1615 821 1684 847 cu-

207 876 227 909 6
247 877 392 917 rarent,
415 882 631 921 agrumque
654 869 686 908 is
707 876 816 908 trans
832 868 980 907 Padum
998 867 1137 907 consul
1153 867 1193 907 C.
1211 867 1391 920 Popilius
1411 867 1531 906 daret.
1563 865 1685 904 multa

248 928 354 967 milia
370 928 577 966 hominum
592 927 667 965 hoc
685 933 843 964 senatus
860 925 1042 964 consulto
1059 925 1236 964 restituta
1254 924 1294 963 in
1310 924 1541 970 libertatem,
1557 928 1685 962 trans-

207 992 225 1022 7
248 985 455 1036 ductisque
486 983 632 1022 Padum
674 996 766 1034 ager
798 988 856 1021 est
891 982 1128 1033 adsignatus.

1190 982 1240 1020 M.
1271 980 1448 1033 Popilius
1482 980 1687 1031 rogatione

250 1042 390 1081 Mareia
412 1041 472 1080 bis
493 1041 596 1092 apud
619 1040 659 1079 C.
681 1040 879 1078 Licinium
902 1051 1057 1078 causam
1079 1038 1195 1086 dixit3
1230 1038 1341 1077 tertio
1364 1043 1533 1090 praetor,
1565 1036 1687 1087 gratia

249 1098 424 1138 consulis
444 1097 617 1136 absentis
639 1104 675 1135 et
692 1096 864 1148 Popiliae
887 1096 1054 1135 familiae
1076 1095 1261 1147 precibus
1280 1095 1419 1141 victus,
1440 1093 1569 1133 idibus
1585 1092 1688 1132 Mar-

250 1156 312 1195 tiis
342 1155 475 1194 adesse
505 1166 617 1193 reum
647 1154 780 1201 iussit,
812 1166 890 1205 quo
921 1154 981 1192 die
1019 1152 1108 1191 novi
1138 1152 1390 1203 magistratus
1410 1150 1547 1190 inituri
1579 1156 1690 1189 erant

208 1218 227 1250 8
248 1213 462 1258 honorem,
487 1224 536 1250 ne
558 1211 705 1250 diceret
728 1210 808 1256 ius,
841 1210 907 1261 qui
929 1209 1103 1262 privatus
1124 1209 1282 1248 futurus
1305 1214 1417 1247 esset..
1465 1208 1515 1246 ita
1538 1207 1688 1258 rogatio

250 1270 297 1308 de
318 1268 531 1320 Liguribus
553 1273 633 1306 arte
654 1267 782 1306 fallaci
805 1267 912 1306 elusa
935 1272 1006 1305 est.

367 1325 500 1377 Legati
523 1323 865 1375 Carthaginienses
888 1336 933 1362 eo
956 1329 1133 1375 tempore
1154 1321 1300 1361 Romae
1321 1327 1434 1360 erant
1464 1326 1501 1360 et
1523 1319 1690 1359 Gulussa

251 1382 354 1422 filius
374 1382 614 1421 Masinissae.
657 1381 760 1420 inter
783 1393 849 1419 eos
870 1393 1033 1431 magnae
1056 1378 1332 1418 contentiones
1347 1378 1387 1417 in
1404 1383 1542 1417 senatu
1565 1377 1687 1416 fuere.

211 1450 230 1482 2
252 1439 592 1491 Carthaginienses
623 1437 891 1489 querebantur
919 1444 1074 1489 praeter
1104 1448 1263 1487 agrum,
1294 1434 1342 1474 de
1363 1447 1440 1487 quo
1462 1440 1552 1474 ante
1574 1434 1689 1485 legati

252 1550 310 1583 der
336 1551 454 1583 Prator
478 1549 586 1583 erhalt
611 1560 647 1582 so
674 1549 734 1582 das
748 1549 857 1581 Recht
882 1548 935 1581 die

252 1596 439 1630 iurisdictio
466 1595 717 1628 unbeschrankt
745 1594 850 1627 durch
875 1594 935 1627 das

252 1641 591 1675 Provocationsrecht
606 1641 812 1679 auszuiiben,
838 1651 864 1674 s.
880 1642 934 1680 38,

253 1691 313 1726 55;
347 1686 533 1719 Mommsen
568 1689 598 1726 2,
633 1688 710 1719 628.
767 1685 831 1718 Das
866 1685 937 1718 hier

254 1732 476 1777 geschilderte
492 1732 673 1764 Verfahren
688 1732 732 1764 ist
754 1731 814 1764 das
828 1731 937 1774 regel-

254 1778 401 1820 massige
434 1777 487 1809 bei
521 1777 579 1810 der
604 1776 815 1819 Anordnnng
847 1777 938 1809 einer

254 1823 408 1867 quaestio
424 1822 697 1863 extraordinaria,
723 1832 749 1854 s.
768 1825 823 1863 40,
838 1824 891 1863 37,
906 1824 936 1854 4.

299 1868 361 1903 22.
390 1870 486 1902 1-4,
513 1869 630 1900 adver.
656 1879 695 1908 s.,
720 1877 746 1900 s.
767 1869 819 1909 39,
835 1870 889 1909 41,
905 1869 936 1900 4.

254 1935 298 1938 -
325 1917 360 1946 in
385 1925 431 1953 se,
460 1916 487 1955 1,
515 1915 568 1954 25,
592 1916 649 1951 11;
678 1912 797 1945 anders
813 1914 867 1953 39,
882 1914 937 1954 49,

256 1963 294 1993 3:
321 1970 409 1992 eum.
441 1979 485 1982 —
511 1970 566 2001 ap.
591 1962 717 2001 praet„
744 1960 798 1998 38,
824 1961 878 1997 55,
905 1960 936 1991 4-

255 2026 296 2030 -
322 2007 452 2048 posita,
470 2005 522 2038 ein
538 2003 839 2047 ungewohnlicher
852 2004 937 2036 Aus-

255 2050 379 2092 druck,
413 2050 515 2083 Drkb.
541 2060 645 2083 verm.
669 2052 865 2092 proposita.
893 2068 936 2072 —

255 2100 287 2129 si
310 2108 381 2128 non
408 2100 486 2138 ete.‚
512 2096 582 2139 ng.
609 2097 663 2137 25,
688 2098 720 2136 4,
741 2097 778 2133 9;
806 2105 840 2128 er
865 2094 941 2135 soll,

257 2143 321 2176 wie
354 2141 456 2174 durch
491 2143 630 2173 absente
664 2140 861 2173 bezeichnet
886 2140 941 2181 ist,

256 2189 289 2221 in
314 2187 561 2220 contumaciam
576 2186 776 2219 verurtlieilt
792 2185 939 2218 werden.

258 2254 301 2258 ——
325 2237 409 2265 stat.
436 2244 477 2264 ac
503 2233 587 2274 iud„
614 2232 683 2274 vgl.
710 2242 738 2264 c.
766 2234 822 2272 21,
841 2234 870 2263 5.
897 2251 939 2254 —

259 2279 412 2317 vinculo,
439 2278 510 2310 hier
523 2277 610 2310 ohne
624 2277 745 2310 Zusatz
760 2277 825 2309 wie
840 2279 940 2318 iuris,

259 2325 446 2366 religionis
473 2334 504 2355 u.
531 2324 825 2355 a.=7zecessz'tate.

305 2371 404 2403 5—8.
433 2369 537 2401 lacer.
563 2371 671 2410 iurga,
697 2368 765 2410 vgl.
791 2378 819 2401 c.
847 2369 877 2409 3,
902 2369 940 2404 5;

260 2418 314 2455 41,
330 2418 360 2453 6,
376 2417 406 2448 2.
431 2434 475 2437 -
499 2413 602 2447 Fulv.
622 2413 743 2449 Manl..
769 2412 827 2446 der
839 2413 942 2446 Senat

261 2461 341 2503 geht
374 2460 433 2492 aus
453 2459 483 2492 d.
510 2459 539 2492 J.
566 2462 631 2493 575
657 2458 801 2501 zuriick,
835 2469 861 2491 s.
887 2459 942 2497 40,

261 2508 315 2540 43.
349 2507 380 2538 4.
415 2524 459 2527 ——
485 2504 604 2546 Smin„
635 2515 661 2537 s.
696 2515 723 2537 c.
756 2506 804 2542 18,
832 2506 863 2537 2.
900 2522 942 2525 -—

264 2555 363 2583 trans
389 2550 485 2592 Paci„
518 2561 573 2582 wo
599 2550 643 2582 im
669 2549 856 2592 gallischen
881 2548 942 2581 Ge-

1005 1548 1093 1581 biete
1118 1548 1236 1579 immer
1261 1546 1348 1579 noch
1372 1546 1464 1579 Laud
1490 1546 1548 1578 srei
1573 1546 1636 1588 ist,
1662 1556 1689 1579 s.

1006 1605 1034 1626 c.
1061 1596 1094 1635 4,
1121 1595 1154 1630 3;
1188 1592 1242 1625 die
1267 1592 1452 1635 Massregel
1476 1592 1522 1625 ist
1553 1591 1612 1624 der
1637 1594 1690 1631 40,

1006 1641 1067 1676 383
1106 1642 1143 1671 41
1187 1637 1439 1680 angeordneten
1476 1637 1621 1670 ahnlich.
1655 1657 1690 1661 —

1007 1686 1068 1723 bix,
1094 1695 1120 1717 s.
1149 1685 1202 1723 38,
1229 1685 1287 1725 52,
1310 1685 1342 1724 3,
1368 1683 1422 1716 die
1437 1682 1691 1725 Entscheidung

1007 1729 1091 1762 wird
1118 1728 1271 1761 zweimal
1290 1732 1434 1771 vertagt,
1459 1728 1529 1771 vgl.
1544 1730 1576 1769 2,
1590 1730 1646 1768 61,
1660 1729 1691 1770 7,

1008 1786 1061 1808 wo
1077 1775 1156 1807 aber
1181 1773 1240 1806 der
1255 1774 1397 1807 Process
1409 1776 1471 1807 voi·
1492 1773 1568 1807 dem
1584 1772 1692 1806 Volke

1008 1820 1143 1863 geftihrt
1168 1819 1263 1851 wird.
1296 1838 1339 1843 -—
1367 1822 1482 1859 terlio,
1518 1830 1547 1852 c.
1575 1821 1630 1860 34,
1655 1820 1691 1857 8;

1008 1867 1062 1907 39,
1089 1867 1143 1908 22,
1167 1866 1201 1903 2;
1229 1867 1282 1905 43,
1308 1866 1344 1904 2,
1367 1867 1405 1898 6:
1432 1866 1484 1896 bis
1499 1865 1691 1907 ampliatus

1008 1914 1113 1943 tertio
1128 1910 1310 1943 absolutus
1324 1914 1386 1951 est,
1409 1909 1553 1943 Rudorff
1561 1911 1592 1949 2,
1607 1911 1691 1947 251;

1007 1958 1085 1990 442.
1112 1976 1156 1979 —
1180 1958 1274 1998 novi,
1301 1955 1360 1989 der
1373 1965 1459 1988 neue
1474 1955 1693 1988 Pratorhiitte

1008 2006 1076 2035 erst
1089 2001 1217 2035 wieder
1238 2001 1299 2033 mit
1324 2001 1381 2034 der
1395 2000 1551 2045 quaestio
1577 1999 1693 2033 beauf-

1009 2051 1098 2090 tragt
1123 2045 1259 2080 werden
1281 2049 1428 2080 miissen.
1453 2066 1494 2070 -
1525 2047 1694 2079 honorem

1010 2093 1081 2126 hier
1116 2092 1160 2125 im
1198 2090 1328 2135 Singul.
1363 2102 1431 2125 von
1467 2091 1543 2125 dem
1574 2090 1694 2124 offent-

1010 2139 1121 2171 lichen
1143 2140 1242 2170 Amte
1267 2137 1463 2181 gebraucht,
1490 2137 1568 2170 weil
1579 2138 1695 2178 magi-

1010 2187 1144 2216 stratus
1169 2183 1385 2226 vorausgeht.
1421 2203 1465 2207 —-
1498 2194 1543 2215 ne
1575 2182 1695 2221 dicer„

1010 2240 1067 2262 um
1092 2229 1184 2262 nicht
1201 2248 1225 2251 ψ
1241 2239 1283 2260 zu
1307 2228 1456 2265 konnen,
1482 2227 1522 2260 da
1546 2238 1580 2261 er
1605 2227 1693 2260 dann

1011 2295 1037 2299 -
1052 2275 1123 2308 sein
1150 2273 1277 2307 wurde.

1056 2318 1217 2355 23—24.
1252 2318 1493 2361 Verhandlung
1523 2318 1694 2352 zwischen

1011 2366 1075 2398 den
1101 2365 1304 2406 Carthagern
1330 2363 1397 2396 und
1411 2363 1601 2398 Masinissa.
1628 2364 1697 2406 Ap-

1012 2411 1100 2454 pian.
1125 2410 1196 2443 Lib.
1224 2412 1277 2443 67.
1446 2418 1449 2419 ⁷
1604 2447 1606 2449 ‚

1060 2458 1157 2489 1-—4.
1187 2454 1348 2495 Gulussa,
1359 2454 1522 2487 Periocha
1537 2456 1599 2490 50;
1613 2452 1694 2487 Sall.

1012 2502 1036 2535 Ι.
1062 2505 1093 2536 5.
1119 2520 1164 2524 —
1190 2500 1231 2531 de
1256 2510 1324 2542 quo
1351 2511 1397 2542 a.,
1421 2500 1464 2533 ob
1490 2499 1543 2533 die
1568 2501 1624 2540 40,
1641 2500 1693 2538 17;

1014 2549 1056 2580 34
1081 2545 1264 2579 berichtete
1281 2545 1521 2588 Verhandlung
1547 2543 1696 2588 gemeint
