1747 2844
185 69 239 108 72
597 68 722 102 LIBER
746 68 894 103 xxxlx.
945 69 1038 103 CAP.
1063 71 1116 104 36.
1145 72 1197 104 37.

1458 87 1484 107 a.
1505 87 1534 106 u.
1556 83 1618 109 570.

185 186 457 226 Lacedamonii
489 185 644 236 quidem
672 185 846 235 possint,
880 185 931 223 dii
965 197 1123 237 quoque
1158 185 1232 237 ipsi
1265 186 1618 237 comprobaverint,

186 244 252 294 qui
275 242 388 282 nobis
409 242 607 281 victoriam
630 242 844 288 dederunt,
868 254 1038 292 quonam
1061 243 1176 281 modo
1200 255 1265 290 ea,
1298 255 1398 294 quae
1418 242 1508 282 belli
1530 243 1615 283 iure

186 307 268 339 acta
291 306 395 344 sunt,
418 300 458 338 in
477 298 795 350 disceptationem
814 297 997 338 veniunt?
1014 312 1181 351 quorum
1204 306 1333 339 tamen
1350 300 1512 340 maxima
1527 313 1618 352 pars

128 364 166 396 13
188 356 284 395 nihil
306 355 475 407 pertinet
497 356 541 394 ad
565 368 651 394 nos.
694 361 871 394 nostrum
895 362 972 403 est,
995 357 1098 407 quod
1131 357 1373 396 evocavimus
1395 357 1439 397 ad
1462 369 1619 397 causam

187 413 386 451 dicendam
405 424 484 460 eos,
511 412 575 464 qui
593 413 637 451 ad
653 425 757 452 arma
774 412 1063 452 multitudinem
1082 414 1313 461 exciverant,
1332 414 1399 465 qui
1419 426 1619 466 expugna-

186 475 322 509 verant
340 470 530 509 maritima
553 470 714 521 oppida,
738 470 803 520 qui
834 469 1098 521 diripuerant,
1121 471 1186 522 qui
1211 471 1367 510 caedem
1392 471 1619 523 principum

128 534 165 567 14
187 528 372 574 fecerant3
388 527 492 578 quod
510 539 601 565 vero
619 526 672 565 illi
696 527 895 566 venientes
914 527 953 566 in
972 533 1094 566 castra
1112 527 1307 567 interfecti
1326 534 1431 573 sunt,
1448 535 1618 568 vestrum

187 590 256 632 est,
280 584 381 622 Areu
406 590 444 622 et
464 583 673 631 Alcibiade,
697 584 763 634 qui
779 597 886 623 nunc
901 596 995 630 nos,
1018 585 1048 623 si
1067 585 1139 623 diis
1155 585 1292 636 placet,
1312 586 1514 632 accusatis,
1537 598 1617 625 non

128 649 164 680 15
185 647 377 680 nostrum.
428 641 560 679 exules
589 640 1008 688 Lacedaemoniorum,
1042 654 1120 693 quo
1151 642 1190 681 in
1214 654 1378 681 numero
1401 642 1438 680 hi
1462 655 1622 694 quoque

186 699 262 737 duo
279 698 452 748 suerunt,
472 704 509 736 et
525 703 620 736 tunc
637 697 843 736 nobiscum
863 704 985 745 erant,
1004 705 1053 745 et,
1072 699 1175 750 quod
1201 698 1398 738 domicilio
1420 699 1493 738 sibi
1516 700 1620 738 dele-

187 761 323 806 gerant
352 754 542 793 maritima
574 754 736 806 oppida,
768 767 809 793 se
836 755 979 805 petitos
1000 756 1233 803 credentes,
1265 756 1304 794 in
1329 769 1418 804 eos,
1450 768 1621 808 quorum

187 824 304 863 opera
328 812 449 863 patria
473 817 648 850 extorres
671 824 719 850 ne
737 812 776 850 111
794 817 878 850 tuto
896 812 1051 863 quidem
1071 812 1185 851 exilio
1203 825 1319 863 posse
1335 825 1621 853 consenescere

128 876 165 908 16
186 882 227 908 50
244 869 558 919 indignabantur,
578 868 764 919 impetum
778 869 967 907 fecerunt.
991 869 1419 920 Lacedaeinoniiigitur
1429 870 1616 910 Lacedae-

186 925 357 973 monios,
382 938 460 964 non
487 925 628 964 Achaei
653 925 959 973 intersece1·unt;
983 939 1057 966 nec
1079 927 1163 965 iure
1186 939 1232 965 an
1256 926 1399 965 iniuria
1421 927 1521 965 caesi
1542 927 1622 966 sint

187 983 452 1033 argumentari
484 983 646 1021 101011.ιι

301 1042 377 1086 „At
399 1040 502 1078 enim
529 1039 589 1078 illa
613 1046 718 1078 certe
740 1045 863 1078 vestra
886 1046 990 1088 sunt,
1014 1040 1169 1086 Achaei,
1199 1040 1303 1091 quod
1326 1040 1430 1091 leges
1452 1040 1625 1092 discipli-

187 1108 356 1146 namque
377 1096 676 1135 vetnstissimam
704 1096 872 1147 Lycurgi
900 1097 1127 1144 sustulistis,
1151 1097 1254 1148 quod
1277 1110 1412 1136 muros
1435 1097 1624 1136 diruistis.

146 1160 165 1192 2
188 1166 286 1204 qnae
302 1159 468 1204 utraque
486 1153 531 1191 ab
550 1153 687 1192 iisdem
705 1153 805 1192 obici
818 1154 883 1204 qui
901 1160 1082 1205 possunt,
1102 1166 1189 1193 cum
1202 1154 1306 1193 muri
1317 1154 1623 1194 Lacedaemonis

187 1223 266 1248 non
290 1209 336 1248 ab
354 1209 547 1261 Lycurgo,
570 1210 638 1248 sed
654 1223 802 1261 paucos
824 1216 913 1250 ante
934 1223 1059 1250 annos
1079 1211 1125 1249 ad
1149 1210 1432 1250 dissolvendam
1455 1209 1624 1262 Lycurgi

147 1274 166 1306 3
187 1266 433 1318 disciplinam
447 1266 631 1306 exstructi
649 1265 756 1306 sint?
774 1267 1044 1318 tyrannienim
1064 1280 1192 1319 nuper
1208 1280 1275 1307 eos
1294 1281 1420 1307 arcem
1439 1276 1476 1308 et
1492 1267 1624 1306 muni-

188 1356 406 1388 ccdaemonii
433 1358 572 1398 possint
604 1357 873 1398 reprehendere.

187 1420 228 1424 —
245 1402 352 1433 dii—
366 1403 553 1444 comprob„
586 1402 650 1433 wie
681 1403 735 1439 38,
749 1403 802 1435 4⁵3.
822 1404 869 1434 14.

185 1466 230 1470 —
257 1447 338 1479 belli
360 1449 449 1488 iure,
473 1447 552 1479 weil
582 1447 635 1479 die
660 1447 792 1480 Ach'aer
822 1447 872 1479 in—

187 1492 292 1525 direct
311 1492 517 1535 angegriss'en
545 1503 871 1535 waren—quorum

188 1542 262 1571 etc..
276 1537 479 1580 Uehergang
492 1548 567 1570 zum
582 1539 727 1571 zweiten
742 1537 870 1571 Theile:

187 1583 250 1615 wir
268 1583 342 1616 sind
361 1594 401 1616 an
423 1583 498 1616 dem
516 1583 632 1616 Morde
656 1584 871 1626 unschuldig,

186 1628 431 1671 Widerlegnng
455 1640 521 1661 von
548 1629 568 1672 ξ
594 1632 623 1663 3.

236 1676 377 1708 13——16.
417 1685 619 1717 eoepugnav.
645 1694 688 1698 —
712 1674 875 1713 fecerant

186 1719 320 1752 hezieht
340 1719 411 1752 sich
434 1731 495 1752 nur
520 1720 578 1752 aus
601 1720 660 1752 das
686 1722 739 1761 38,
755 1722 797 1753 30
814 1720 873 1753 Er—

188 1765 321 1798 zahlte.
363 1775 418 1798 wo
451 1765 578 1806 jedoch
615 1765 675 1798 das
710 1765 870 1807 Einzelne

188 1810 280 1843 nicht
306 1810 503 1853 angegeben
529 1811 583 1847 ist.
617 1811 710 1843 nicht
736 1811 795 1843 aus
818 1811 870 1843 010

189 1855 389 1888 seindliches
406 1855 707 1898 Entgegenziehen
733 1856 791 1889 der
812 1856 871 1888 La-

189 1901 259 1934 ced.
285 1901 339 1933 bei
366 1901 586 1944 Gelegenheit
620 1902 679 1935 des
711 1902 773 1934 mit
798 1913 875 1934 evo-

189 1949 345 1979 cavimus
369 1946 389 1990 §
416 1949 453 1985 33
480 1948 533 1988 38,
556 1949 609 1989 33,
634 1949 673 1980 10
707 1947 875 1989 angedeu-

190 1996 283 2025 teten
319 1992 429 2035 Zuges
465 1992 522 2025 der
558 1993 706 2034 Achaer,
744 1992 873 2025 Schorn

190 2040 255 2070 304
272 2038 310 2070 Α.
331 2040 360 2071 2.
379 2057 423 2061 ——
440 2042 604 2079 vestrum,
622 2038 664 2071 da
681 2039 730 2071 510
748 2038 874 2081 gleich-

190 2093 261 2116 sam
278 2082 450 2116 Vertreter
474 2083 532 2116 der
549 2083 765 2116 Verbannten
788 2083 873 2125 sind,

190 2128 243 2161 die
269 2128 333 2161 den
350 2127 445 2161 Mord
470 2129 647 2171 begangen
670 2129 791 2171 1131100,
817 2129 875 2162 der

190 2174 321 2206 sreilich
340 2174 443 2207 durch
462 2174 515 2207 die
529 2174 794 2217 Hinrichtungen
818 2177 871 2217 38,

189 2221 244 2253 33.
264 2221 299 2253 11
327 2220 395 2252 und
412 2219 465 2252 die
482 2220 736 2262 Anordnungen
762 2222 815 2262 38,
830 2223 872 2254 34

190 2275 257 2298 von
295 2265 358 2297 den
394 2265 548 2298 Achaern
593 2269 653 2308 gut
694 2266 872 2308 geheissen

191 2310 317 2343 schien.
335 2330 379 2334 -—-
395 2312 504 2352 Arcu,
529 2313 584 2353 40,
603 2313 652 2348 12,
671 2312 708 2345 9;
734 2313 874 2353 Persen,

191 2356 361 2388 mehrsach
386 2357 440 2389 bei
466 2356 644 2393 Dichtern;
677 2357 874 2399 Alcibiade,

192 2400 256 2433 Cic.
283 2400 382 2434 Tusc.
418 2406 448 2443 5,
471 2404 524 2443 21,
547 2404 607 2436 61:
641 2413 660 2434 o
685 2403 873 2444 Damocle,

192 2444 252 2478 Off.
295 2448 322 2487 1,
344 2448 504 2489 40,144;
540 2449 676 2480 Pericle
712 2448 806 2481 Neue
846 2451 874 2489 1,

192 2492 274 2529 302;
298 2493 372 2525 304.
398 2512 442 2517 -
468 2504 535 2535 quo
561 2495 598 2525 in
623 2504 731 2535 num„
763 2504 788 2526 s.
819 2495 874 2535 29,

191 2538 223 2569 6.
237 2538 275 2573 4;
291 2538 343 2570 33.
359 2539 411 2579 24,
426 2540 463 2576 9;
483 2538 536 2571 (110
554 2538 618 2572 ΜΖ.
638 2539 715 2573 Hds.
743 2550 811 2582 quo
829 2550 874 2571 esc

941 1367 973 1388 n.
993 1358 1046 1395 24,
1062 1358 1115 1398 31,
1132 1359 1189 1394 14;
1215 1357 1247 1389 in
1267 1356 1406 1390 anderer
1423 1356 1627 1399 Bedeutung

942 1412 968 1434 c.
1002 1404 1054 1439 28,
1085 1404 1135 1435 13.
1169 1422 1213 1426 —
1246 1406 1366 1444 erant,
1400 1402 1459 1435 das
1491 1402 1624 1445 Imperf.

941 1447 1023 1480 hebt
1040 1448 1098 1480 das
1116 1447 1329 1481 Verhffltniss
1346 1447 1395 1481 als
1413 1448 1467 1481 010
1486 1448 1628 1481 dauern-

942 1493 1000 1525 des
1023 1492 1175 1532 fuerunt
1207 1493 1274 1526 und
1307 1492 1472 1532 fecerunt
1502 1503 1630 1536 gegen-

943 1538 1026 1571 iiber
1051 1539 1182 1572 hervor.
1209 1557 1253 1563 -—
1275 1543 1369 1581 patr.
1395 1542 1477 1580 emt„
1503 1541 1534 1575 2,
1548 1541 1578 1580 6,
1594 1542 1625 1572 2.

988 1582 1046 1619 37.
1076 1587 1171 1618 1-2,
1197 1586 1246 1617 At
1271 1595 1336 1626 en„
1354 1595 1454 1617 wenn
1471 1585 1523 1617 ihr
1540 1585 1625 1618 auch

942 1630 1005 1662 den
1024 1629 1119 1663 Mord
1144 1630 1238 1663 nicht
1254 1630 1442 1663 veranlasst
1468 1630 1562 1671 habt,
1587 1640 1627 1663 so

941 1676 985 1708 ist
1004 1686 1040 1708 es
1058 1676 1145 1709 doch
1159 1686 1239 1709 euer
1256 1675 1360 1709 Werk
1378 1677 1530 1718 (vestra),
1548 1675 1629 1709 dass

940 1731 1037 1761 uSW.,
1067 1721 1269 1764 Uebergang
1301 1732 1341 1754 zu
1375 1721 1483 1754 010001
1518 1731 1629 1754 neuen

940 1765 1059 1799 Theile
1086 1767 1144 1799 der
1168 1766 1278 1807 Rede,
1311 1767 1344 1799 in
1370 1766 1445 1799 dem
1472 1776 1498 1800 c.
1527 1768 1579 1807 36,
1606 1769 1626 1799 4

941 1811 1120 1854 widerlegt
1145 1812 1240 1844 wird.
1266 1832 1311 1835 —
1333 1815 1462 1854 utraq„
1492 1814 1545 1853 27,
1572 1813 1628 1853 22,

942 1858 973 1896 2,
999 1857 1071 1889 hier
1095 1857 1180 1890 fast:
1206 1856 1324 1890 beides
1350 1857 1504 1900 zugleich
1521 1877 1566 1882 —
1583 1859 1627 1890 ab

942 1903 1033 1943 iisd„
1067 1902 1107 1935 da
1133 1903 1205 1935 sich
1230 1902 1347 1935 beides
1379 1902 1628 1946 widerspricht.

943 1967 988 1970 —
1013 1950 1084 1990 qni,
1110 1949 1162 1990 26,
1178 1950 1208 1989 3,
1235 1951 1271 1985 3:
1299 1947 1351 1981 die
1378 1948 1631 1991 Wortstellung

944 1993 1009 2025 wie
1042 1996 1095 2033 42,
1121 1995 1172 2034 19,
1196 1995 1233 2031 3;
1259 1996 1291 2034 2,
1313 1996 1344 2032 4,
1366 1996 1403 2026 4;
1429 1994 1535 2026 aliter
1568 1995 1634 2036 qui

944 2039 1144 2071 credituros
1179 2050 1260 2072 esse.
1283 2058 1315 2063 -—
1353 2039 1634 2072 Lacedaemonis

944 2085 1074 2117 scheint
1111 2085 1183 2117 hier
1220 2084 1403 2128 passender
1438 2085 1488 2118 als
1520 2085 1630 2118 Lace-

944 2130 1150 2172 daemoniis,
1167 2130 1188 2173 §
1203 2133 1240 2164 3:
1260 2130 1426 2173 Spartam
1444 2132 1629 2173 antiquam

942 2186 1128 2218 —paucos
1141 2187 1173 2208 a.
1188 2187 1231 2218 a.‚
1249 2176 1315 2209 wie
1332 2176 1377 2208 im
1391 2175 1486 2218 Folg.
1503 2186 1628 2218 nuper.

943 2221 963 2264 ξ
989 2225 1007 2256 5
1035 2221 1109 2254 51011
1135 2232 1171 2254 05
1200 2223 1260 2255 100
1285 2221 1404 2259 Jahre;
1439 2231 1480 2254 an
1506 2220 1628 2254 beiden

944 2267 1073 2300 Stellen
1099 2266 1191 2300 wohl
1209 2277 1271 2299 nur
1291 2266 1478 2299 rhetorisch
1505 2266 1629 2308 805101-

944 2316 1028 2355 gert,
1053 2322 1078 2344 5.
1107 2313 1160 2353 38,
1175 2314 1229 2353 34,
1243 2314 1273 2345 4.

990 2360 1088 2391 3-5.
1139 2359 1298 2400 tyranni,
1322 2357 1407 2389 nach
1433 2358 1486 2397 34,
1509 2359 1562 2397 26,
1590 2359 1628 2390 14

944 2403 987 2435 ist
1006 2402 1204 2435 Cleomenes
1229 2403 1408 2436 236-222
1434 2412 1462 2435 a.
1487 2402 1543 2436 Ch.
1570 2402 1631 2436 der

945 2451 1051 2489 erste,
1077 2447 1149 2480 also
1175 2447 1277 2480 kanm
1301 2449 1344 2480 40
1369 2446 1470 2480 Jahre
1495 2448 1629 2489 voi-her,

945 2492 1226 2526 wahrscheinlich
1251 2492 1332 2525 aber
1356 2492 1459 2526 denkt
1488 2493 1521 2526 L.
1556 2494 1630 2527 hier

945 2549 986 2572 an
1012 2538 1117 2570 Nabis
1142 2539 1333 2575 206—192,
1360 2538 1400 2571 da
1425 2542 1494 2571 erst
1519 2538 1630 2573 dieser
