1747 2844
200 51 280 91 138

645 53 770 86 LIBER
794 53 927 88 XXXX.
977 54 1070 88 CAP.
1102 57 1150 90 13.

1469 73 1496 92 a.
1516 72 1546 93 u.
1566 66 1626 93 572.

196 168 408 208 trationum
438 168 511 215 die,
542 167 742 216 occidere;
775 168 891 216 volui,
922 181 1009 208 cum
1047 170 1093 208 ad
1124 182 1258 209 cenam
1280 169 1450 218 invitavi,
1477 181 1630 209 veneno

197 225 345 264 scilicet
373 224 530 271 tolle1·e;
561 225 678 271 volui,
708 238 796 264 cum
827 226 1057 265 comisatum
1078 226 1212 277 gladiis
1234 226 1401 266 adcincti
1421 238 1484 265 me
1505 226 1631 266 secuti

157 286 176 318 3
198 282 417 327 sunt‚ferro
434 281 665 321 interficere.
710 290 884 345 tempora
904 283 1058 346 quidem
1080 284 1206 346 qualia
1219 285 1298 322 sint
1312 283 1360 322 ad
1377 282 1631 334 parricidium

197 339 317 378 electa
353 338 470 386 vides,
508 338 632 386 lusus,
664 339 842 386 convivii,
884 339 1161 379 comisationis.
1204 337 1326 392 quid?
1364 339 1446 378 dies
1476 338 1630 391 qualis?

196 408 274 446 quo
305 395 492 434 lustiatus
523 397 730 442 exercitus,
763 408 839 447 quo
879 396 982 435 inter
1019 397 1178 437 divisam
1206 397 1414 444 victimam,
1445 396 1629 448 praelatis

196 452 385 498 omnium,
417 452 483 503 qui
513 464 699 504 umquam
730 454 851 501 fueie,
898 453 1147 493 Macedoniae
1176 466 1313 505 iegum
1351 453 1468 493 armis
1497 453 1629 504 regiis,

196 510 273 548 duo
299 509 370 548 soli
400 516 465 548 tua
493 515 670 574 tegentes
698 510 837 557 lateia,
869 516 991 560 pater,
1020 511 1214 562 praevecti
1235 523 1371 550 sumus
1393 516 1431 549 et
1451 515 1631 549 secutum

154 568 173 599 4
195 574 252 605 est
268 566 523 605 Macedonum
544 560 682 618 agmen
699 590 766 613 —,
783 567 858 605 hoc
874 578 960 617 ego,
978 568 1092 607 etiam
1106 568 1137 607 si
1155 568 1247 619 quid
1261 574 1370 606 antea
1387 566 1632 606 admisissem

194 623 349 674 piaculo
378 623 554 674 dignum,
568 597 779 662 0¹lustiatus
817 629 854 662 et
883 624 1059 675 expiatus
1089 637 1213 672 sacro,
1242 631 1325 663 tum
1355 636 1445 663 cum
1464 623 1631 663 maxime

194 680 233 718 in
269 680 435 719 hostiam
468 680 599 720 itineri
644 687 780 720 nostro
823 680 1097 720 circumdatam
1147 682 1319 729 intuens,
1362 680 1629 733 parricidium,

194 750 355 781 venena,
387 737 533 787 gladios
551 738 590 776 in
607 737 903 777 comisationem
930 745 1180 790 praeparatos
1194 738 1412 777 volutabam
1428 738 1470 776 in
1485 738 1628 786 animo,

194 800 238 832 ut
266 794 409 845 quibus
431 794 515 832 aliis
536 794 677 834 deinde
697 795 818 833 sacris
840 795 1141 834 contaminatam
1161 795 1268 834 omni
1290 795 1437 834 scelere
1455 800 1630 834 mentem

155 854 173 884 5
197 849 421 902 expiarem‘?
445 851 511 890 sed
534 864 672 890 caecus
695 851 928 891 criminandi
959 853 1169 903 cupiditate
1191 853 1358 898 animus,
1382 852 1477 890 dum
1499 852 1629 890 omnia

153 909 172 941 6
193 914 374 959 suspecta
413 908 567 947 efficere
601 908 695 955 vult,
726 908 829 947 aliud
859 909 933 948 alio
965 909 1184 948 confundit.
1229 921 1316 947 nam
1346 908 1378 948 si
1408 920 1559 947 veneno
1592 915 1629 947 te

194 964 296 1004 inter
318 977 454 1003 cenam
476 965 613 1004 tollere
635 965 751 1010 volui,
782 965 874 1016 quid
898 966 1029 1004 minus
1050 971 1184 1017 aptum
1207 965 1280 1005 fuit
1300 978 1416 1017 quam
1437 964 1629 1017 pertinaci

194 1021 406 1061 certamine
428 1028 463 1061 et
485 1034 681 1061 concursu
704 1022 845 1061 iratum
867 1031 904 1062 te
926 1023 1095 1071 efficere,
1130 1029 1171 1062 ut
1199 1023 1357 1071 merito,
1380 1022 1481 1061 sicut
1501 1022 1630 1061 fecisti

154 1082 170 1112 7
194 1079 376 1118 invitatus
398 1079 442 1118 ad
467 1092 601 1118 cenam
623 1078 847 1118 abnueres?
870 1092 959 1119 cum
977 1086 1104 1119 autem
1123 1081 1243 1119 iratus
1261 1091 1459 1130 negasses,
1482 1085 1628 1128 utrum,

194 1143 237 1175 ut
260 1137 452 1187 placarem
474 1142 524 1183 te,
543 1136 667 1175 danda
686 1149 804 1187 opera
823 1137 906 1184 fuit,
927 1143 968 1176 ut
988 1137 1101 1176 aliam
1118 1149 1347 1189 quaererem
1365 1136 1627 1184 occasionem,

154 1195 173 1227 8
194 1193 378 1243 quoniam
409 1193 526 1232 semel
568 1205 760 1232 venenum
800 1206 1037 1245 paraveram,
1068 1207 1116 1233 an
1157 1194 1202 1233 ab
1232 1193 1296 1233 illo
1329 1193 1493 1232 consilio
1522 1193 1630 1232 velut

194 1249 492 1289 transiliendum
523 1250 568 1288 ad
600 1250 704 1289 aliud
736 1250 823 1296 suit,
855 1258 897 1290 ut
927 1252 1030 1290 ferro
1062 1257 1110 1300 te,
1143 1258 1180 1290 et
1210 1250 1367 1302 quidem
1391 1261 1437 1289 eo
1459 1249 1534 1297 die,
1557 1262 1629 1302 per

152 1310 172 1342 9
192 1307 361 1358 speciem
387 1307 652 1345 comisationis
683 1306 930 1346 occiderem?
962 1320 1039 1358 quo
1070 1308 1210 1347 deinde
1240 1307 1369 1355 modo,
1399 1306 1431 1346 si
1460 1312 1498 1346 te
1519 1312 1628 1347 metu

195 1388 256 1425 eet,
280 1384 414 1416 scilieet
438 1384 697 1427 eutsprerhend,
727 1386 878 1427 weniger

193 1430 268 1463 dem
295 1430 518 1472 allgemeiuen
544 1430 593 1462 als
619 1429 694 1462 dem
719 1434 877 1473 unterge-

193 1475 355 1509 ordneten
375 1475 559 1508 Gedanken
585 1485 817 1518 angemessen.
834 1496 875 1500 —-

193 1532 324 1554 veneno
349 1521 436 1562 scil„
462 1521 539 1553 weil
559 1520 703 1554 Perseus
723 1532 749 1554 e.
765 1523 797 1560 9,
815 1524 872 1555 11:

194 1567 240 1599 ad
256 1577 377 1599 cenam
396 1572 458 1599 ete.
487 1578 548 1599 nur
565 1577 605 1599 an
625 1566 717 1599 diese
736 1567 797 1600 Art
816 1567 874 1600 der

192 1612 403 1654 Ermordung
439 1612 583 1654 gedaeht
621 1612 731 1645 haben
772 1612 873 1654 kann,

192 1658 259 1700 vgl.
287 1658 352 1690 Cic.
369 1657 437 1690 Dei.
458 1660 489 1699 6,
508 1660 544 1691 ts
562 1657 612 1695 ff.;
642 1658 729 1691 Cael.
747 1660 801 1695 23,
819 1661 871 1692 56.

191 1723 234 1727 —
250 1703 451 1743 interficere
464 1704 550 1735 nach
564 1704 733 1739 occidere,
753 1715 769 1735 ‹·
796 1707 826 1742 4,
842 1706 872 1737 2.

238 1751 335 1782 3—4.
363 1749 513 1790 quidem,
538 1749 643 1781 sehon
670 1749 723 1781 die'
750 1750 874 1782 einzel-

192 1805 255 1827 nen
274 1794 519 1827 Zeitmomente
546 1800 763 1836 (concursus,
789 1806 874 1827 cena

191 1842 290 1876 usw.)
310 1839 384 1872 sind
401 1839 594 1882 unpassend
618 1840 778 1881 gewahlt,
805 1851 873 1873 nun

192 1895 250 1928 gar
275 1885 333 1918 der
358 1884 447 1927 Tagi
474 1905 518 1908 —
544 1886 640 1927 qnid,
666 1885 874 1928 Andeutung

193 1931 251 1964 der
265 1930 557 1973 Verwundemng,
576 1932 629 1972 29,
644 1933 699 1972 41,
716 1934 768 1966 13,
795 1931 872 1964 dass

192 1976 313 2019 gerade
351 1976 405 2009 ein
446 1986 484 2009 so
525 1976 666 2019 heiliger
702 1976 774 2019 Tag
814 1987 873 2009 zur

191 2023 380 2064 Ausiibung
405 2021 464 2055 des
486 2022 623 2055 Frevels
648 2022 696 2054 sei
723 2022 873 2064 gewahlt

192 2068 342 2104 worden,
368 2078 393 2100 5.
421 2070 551 2106 5,5,4;
568 2069 587 2101 8
615 2079 645 2100 u.
672 2078 702 2101 o.
729 2087 772 2091 —
796 2078 872 2099 um-

195 2124 310 2156 quam,
339 2123 376 2146 so
403 2113 481 2146 dass
500 2114 585 2146 auch
611 2113 703 2145 nieht
730 2113 788 2146 der
812 2124 873 2146 un-

191 2158 438 2192 bedeutendste
471 2159 689 2201 iibergangen
715 2159 810 2196 wird,
845 2169 869 2192 5.

193 2207 245 2245 33,
262 2207 292 2246 3,
307 2207 344 2243 4;
369 2207 399 2245 6,
420 2206 535 2245 14,10.
555 2224 599 2228 —
616 2214 741 2246 regum
758 2225 802 2228 —
819 2215 872 2236 re-

187 2252 270 2292 giis,
296 2250 497 2283 absichtlich
522 2260 716 2283 zusammen
735 2250 873 2292 gestellt

191 2306 216 2328 5.
249 2299 274 2337 1,
293 2298 343 2337 11),
357 2297 386 2328 6.
413 2315 458 2319 —
482 2296 552 2328 duo
585 2295 652 2328 soli
685 2306 760 2329 zum
787 2295 873 2329 Sub-

186 2342 258 2381 jeet
284 2342 317 2373 in
341 2352 461 2373 sumus
486 2341 645 2384 gehorig,
679 2352 703 2374 s.
731 2352 756 2375 c.
784 2344 814 2383 6,
837 2343 867 2374 4.

190 2406 234 2410 —
256 2387 400 2429 piaculo
426 2387 471 2429 d„
496 2398 521 2420 5.
548 2398 575 2420 6.
604 2389 657 2429 37,
681 2389 718 2424 2;
749 2398 789 2420 zu
815 2389 869 2427 39,

195 2433 244 2473 18,
268 2434 304 2469 ὃς
339 2431 466 2465 Preller
494 2435 566 2466 117.
592 2452 636 2456 —-
662 2436 696 2465 et
726 2435 872 2476 eoepiat„

191 2476 294 2519 Folge
313 2477 371 2509 der
387 2478 554 2511 lustratio.
570 2498 614 2501 —
629 2482 702 2510 tum
721 2489 748 2511 e.
761 2489 870 2519 maan,

192 2532 216 2554 s.
236 2533 263 2555 c.
290 2524 342 2562 32,
361 2524 464 2563 1ς33,
479 2526 510 2563 9,
526 2526 562 2558 3;
589 2524 711 2566 gerade
734 2525 768 2557 in
794 2524 870 2557 dem

946 1385 1118 1418 Momente
1136 1385 1193 1418 als.
1213 1405 1257 1409 —
1276 1385 1459 1426 ezmrczcmd
1483 1384 1543 1418 auf
1557 1385 1628 1418 bei-

947 1431 1012 1464 den
1046 1430 1164 1464 Seiten
1197 1431 1256 1463 des
1281 1429 1407 1473 Weges
1439 1430 1626 1484 hingelegt

946 1496 990 1500 —
1016 1479 1122 1508 in—
1146 1480 1306 1517 intuens,
1332 1478 1363 1514 3,
1385 1477 1439 1517 69,
1464 1479 1492 1510 3.
1519 1478 1627 1508 —z'n

947 1525 1075 1564 comis„
1101 1522 1154 1555 fiir
1179 1521 1340 1555 dieselhe.
1363 1541 1404 1544 —
1422 1524 1463 1553 ut
1490 1523 1626 1564 quibus,

945 1568 998 1601 die
1017 1568 1122 1610 Frage
1148 1567 1276 1600 sordert
1297 1567 1372 1600 eine
1389 1566 1626 1610 Verneinung:

945 1624 1000 1646 um
1026 1617 1116 1646 etwa
1142 1613 1246 1646 durch
1270 1613 1388 1656 irgend
1413 1612 1544 1646 welche
1569 1623 1627 1646 an-

944 1659 1047 1692 dere?
1081 1659 1111 1692 d.
1138 1659 1169 1692 h.
1196 1669 1234 1692 so
1261 1659 1339 1692 (lass
1365 1658 1419 1691 ich
1445 1667 1504 1700 gar
1532 1658 1626 1692 nicht

945 1705 1045 1737 daran
1072 1705 1166 1737 hatte
1192 1704 1344 1745 deuken,
1379 1713 1415 1736 es
1448 1704 1627 1737 beabsich-

944 1750 1037 1792 tigen
1063 1750 1211 1791 konnen,
1238 1750 1342 1782 durch
1368 1748 1501 1790 andere,
1531 1759 1556 1782 s.
1583 1760 1624 1782 zu

943 1798 975 1837 4,
990 1797 1044 1831 49,
1065 1799 1100 1829 15
1114 1810 1120 1833 ;
1136 1797 1190 1837 44,
1206 1797 1259 1836 39,
1273 1798 1303 1829 5.
1323 1814 1366 1818 -
1382 1798 1544 1836 mentem,
1562 1794 1626 1828 Ge-

943 1841 1080 1881 wissen.

990 1888 1088 1920 5—3.
1116 1885 1218 1918 aliud
1240 1896 1271 1917 α.
1298 1896 1338 1926 o.,
1362 1885 1517 1918 verwirrt
1542 1885 1624 1918 Eius

944 1931 1048 1964 durch
1067 1931 1125 1964 das
1143 1931 1287 1973 Andere,
1312 1931 1426 1964 macht
1444 1941 1480 1964 es
1502 1930 1625 1964 unklar

943 1977 1011 2010 und
1036 1977 1203 2010 unsicher.
1228 1996 1273 2000 -—
1297 1975 1458 2018 efficere,
1489 1977 1543 2013 39,
1569 1978 1623 2019 51,

943 2026 981 2060 6;
1004 2025 1057 2059 41,
1073 2024 1126 2063 24,
1149 2024 1205 2059 18;
1232 2032 1268 2055 65
1294 2021 1379 2054 wird
1405 2021 1504 2055 dabei
1529 2022 1623 2056 nicht

942 2068 1111 2109 beachtet,
1129 2067 1207 2101 dass
1224 2068 1312 2101 ohne
1330 2067 1441 2101 dieses
1459 2067 1517 2101 der
1533 2071 1623 2101 erste

942 2113 1024 2146 Plan
1051 2114 1070 2157 ξ
1097 2115 1134 2147 2:
1161 2123 1240 2146 cum
1265 2115 1530 2155 concurrimus,
1555 2112 1576 2156 ξ
1602 2115 1621 2147 3

943 2160 1039 2192 [ιω-ηε
1063 2159 1157 2192 nicht
1180 2159 1275 2192 hatte
1305 2158 1505 2201 ausgeffihrt
1538 2168 1622 2192 wer-

943 2205 1007 2238 den
1033 2205 1180 2238 k6nnen.
1206 2224 1251 2228 -
1274 2204 1389 2246 semel,
1413 2203 1455 2237 da
1479 2204 1533 2236 ich
1558 2204 1622 2237 mir

943 2251 1034 2283 nicht
1053 2250 1106 2283 die
1124 2250 1225 2282 Miihe
1243 2249 1388 2282 nehmen
1405 2249 1536 2291 wollte,
1561 2249 1620 2282 das

942 2296 1012 2329 Gift
1037 2295 1165 2328 wieder
1189 2306 1230 2328 zu
1254 2294 1425 2336 bereiten,
1460 2305 1485 2328 s.
1512 2297 1543 2339 5,
1566 2296 1620 2337 20,

940 2345 972 2383 5,
998 2341 1066 2383 vgl.
1093 2342 1146 2381 25,
1169 2343 1200 2381 6,
1219 2343 1276 2379 16;
1291 2341 1345 2382 33,
1364 2341 1476 2373 36.-
1492 2351 1531 2373 eo
1554 2341 1621 2382 die,

941 2398 966 2419 s.
993 2387 1260 2427 30,19,12;36,
1275 2387 1328 2427 36,
1344 2387 1381 2423 3;
1405 2387 1459 2426 43,
1477 2388 1505 2423 1,
1524 2387 1562 2420 10
1586 2397 1618 2420 u.

940 2442 982 2471 o.,
1008 2442 1062 2463 wo
1097 2433 1127 2462 is
1159 2431 1345 2473 gebraucht
1370 2431 1432 2473 ist,
1458 2431 1620 2465 wahrend

940 2477 1002 2509 wir
1030 2477 1122 2509 idem
1147 2478 1333 2517 erwarten,
1367 2486 1404 2509 so
1439 2476 1516 2510 dass
1549 2477 1619 2510 wol

940 2522 1031 2555 nicht
1050 2522 1170 2564 nothig
1187 2521 1232 2554 ist
1250 2522 1370 2554 eodem
1387 2522 1419 2554 d.
1446 2533 1487 2556 zu
1512 2522 1617 2556 lesen.
