1747 2844
204 46 286 86 136

673 43 796 78 LIBER
822 43 956 76 XXXX.
1006 41 1098 76 CAP.
1129 43 1178 75 12.

1470 59 1496 78 a.
1515 58 1545 78 u.
1565 51 1625 78 572.
1724 0 1747 157 Ἰ

202 171 308 204 tuam
337 162 531 201 adversus
551 173 614 200 me
642 159 765 210 magis
787 169 901 210 quam
932 156 1080 196 crimen
1110 168 1238 195 meum
1260 155 1490 203 indicatura,
1511 154 1628 194 hodie

143 230 178 261 11
202 232 359 272 quoque
382 231 463 258 eam
486 223 551 257 aut
580 215 835 269 praetermitti
863 221 929 253 aut
948 214 988 253 in
1011 213 1115 253 aliud
1135 219 1290 264 tempus
1313 212 1473 260 differri,
1495 217 1539 251 ut
1557 224 1630 263 per

203 291 245 317 se
282 280 549 328 quaereretur,
585 280 718 313 utrum
754 284 826 324 ego
861 270 931 310 tibi
966 283 1014 310 an
1050 276 1094 309 tu
1128 270 1237 317 mihi,
1273 281 1373 308 novo
1411 268 1569 319 quidem
1591 273 1629 308 et

144 342 183 374 12
204 333 394 384 singulari
425 343 570 384 genere
591 331 682 378 odii,
713 329 875 373 insidias
896 327 1074 367 fecisses.
1117 339 1188 379 ego
1210 332 1353 374 tamen,
1376 331 1566 377 quantum
1588 325 1629 365 in

199 392 275 431 hac
296 389 422 429 subita
443 388 738 441 perturbatione
755 391 906 438 potem,
928 384 1117 436 separabo
1140 397 1195 432 ea,
1218 396 1318 436 quae
1338 389 1379 422 tu
1402 381 1629 430 confudisti,

146 455 182 488 1-3
205 454 243 487 et
262 446 389 487 noctis
410 446 529 485 huius
560 445 721 484 insidias
753 449 818 482 aut
847 447 933 481 tuas
965 447 1033 480 aut
1060 453 1166 480 meas
1195 441 1384 491 detegam.
1427 438 1631 478 occidendi

204 504 265 544 sui
287 503 494 543 consilium
517 502 637 552 inisse
659 513 721 540 me
741 500 862 539 videri
883 498 977 545 vult,
999 503 1043 537 ut
1063 497 1210 537 scilicet
1230 497 1376 536 maiore
1396 496 1517 535 fratre
1537 496 1631 534 sub-

203 563 295 610 lato,
325 561 438 600 cuius
467 560 553 598 iure
585 558 774 610 gentium,
804 568 915 595 more
943 554 1213 600 Macedonum,
1243 561 1312 593 tuo
1344 554 1471 600 etiam,
1500 558 1546 592 ut
1565 552 1631 600 ait,

203 618 347 658 iudicio
365 628 531 668 regnum
549 622 607 654 est
620 616 811 661 futurum,
835 625 907 664 ego
922 613 1053 651 minor
1073 612 1113 651 iu
1135 612 1233 658 eius,
1249 623 1366 662 quem
1387 610 1632 657 occidissem,

145 683 183 715 14
203 675 453 715 succederem
475 673 618 712 locum.
662 671 756 723 quid
777 682 870 721 ergo
901 669 964 708 illa
986 669 1059 709 sibi
1081 668 1161 707 vult
1181 680 1271 719 pars
1291 668 1409 707 altera
1431 666 1632 712 orationis,

206 745 282 784 qua
302 732 500 771 Romanos
522 743 542 768 a
562 742 625 768 me
647 728 774 768 cultos
796 727 848 766 ait
869 732 984 778 atque
1009 738 1144 765 eorum
1167 725 1305 764 fiducia
1327 724 1367 763 in
1390 736 1500 775 spem
1523 723 1634 774 regni

147 796 184 829 15
206 802 268 828 me
301 785 483 827 venisse?
515 799 604 825 nam
626 786 656 825 si
689 791 726 824 et
754 785 794 823 in
816 783 1004 822 Romanis
1032 788 1184 822 tantum
1212 781 1400 820 momenti
1431 780 1636 820 credebam

208 859 305 894 esse,
323 851 365 884 ut
381 856 497 896 quem
513 843 656 882 vellent
671 842 912 893 inponerent
942 839 1191 879 Macedoniae
1206 850 1353 889 regem,
1371 843 1409 876 et
1422 850 1532 877 meae
1549 842 1635 877 tan-

149 911 185 944 16
206 910 288 943 tum
320 902 424 953 apud
446 913 512 940 eos
535 900 678 951 gratiae
709 898 964 944 confidebam,
988 897 1081 948 quid
1103 908 1203 947 opus
1223 894 1435 946 parricidio
1458 892 1564 934 suit?
1587 906 1636 932 an

206 966 249 999 ut
271 963 478 998 cruentum
496 957 671 996 diadema
698 957 869 994 fraterna
887 954 1002 993 caede
1019 950 1225 1004 gererem?
1249 957 1291 991 ut
1310 951 1387 990 illis
1402 951 1512 1002 ipsis,
1533 950 1637 1002 apud

207 1029 307 1067 quos
318 1021 384 1054 aut
394 1027 482 1054 vera
493 1019 559 1053 aut
582 1019 686 1052 certe
699 1012 877 1051 simulata
897 1011 1090 1063 probitate
1112 1017 1261 1061 partam
1276 1008 1437 1059 gratiam
1447 1008 1587 1055 habeo,
1604 1007 1637 1045 si

148 1083 184 1115 17
207 1086 322 1125 quam
333 1074 433 1111 forte
451 1071 587 1117 habeo,
612 1068 859 1110 exsecrabilis
872 1074 908 1108 et
918 1068 1066 1107 invisus
1083 1064 1239 1106 essem?
1256 1066 1332 1105 nisi
1349 1065 1394 1104 Τ.
1410 1064 1638 1111 Quinctium

206 1130 346 1178 credis,
365 1129 477 1168 cuius
499 1128 639 1167 virtute
663 1133 700 1166 et
727 1125 900 1165 consiliis
920 1137 982 1164 me
1000 1136 1107 1163 nunc
1123 1123 1255 1174 arguis
1272 1122 1368 1174 regi,
1387 1134 1476 1161 cum
1498 1127 1536 1161 et
1555 1121 1640 1173 ipse

206 1261 250 1265 —-
269 1243 414 1282 crimen,
432 1240 521 1272 hier:
541 1238 768 1271 Verbrechen.
795 1248 819 1270 5
835 1237 889 1278 41,

207 1289 261 1322 25.
277 1289 313 1324 [53
336 1289 391 1327 45,
408 1288 460 1326 24,
475 1288 512 1323 4;
536 1286 567 1325 3,
584 1286 637 1323 24,
653 1287 689 1321 ὃς
713 1284 836 1325 21,10,
851 1284 889 1320 63

209 1333 275 1365 Cic.
300 1331 387 1364 Cael.
415 1333 469 1366 25,
485 1333 544 1364 61:
570 1340 676 1361 causa
697 1349 742 1352 —
764 1330 891 1361 horum

206 1378 377 1410 scelerum
394 1380 499 1419 atque
520 1377 719 1408 criminum.
730 1394 774 1397 —
788 1374 893 1406 hodie

209 1435 239 1466 q.
273 1433 349 1455 eam
382 1432 474 1455 muss
501 1421 561 1454 auf
582 1420 681 1453 beide
705 1419 805 1452 Satze
830 1419 891 1451 mit

209 1472 273 1501 aut
295 1469 449 1510 bezogen
475 1466 621 1507 werden,
648 1465 806 1508 obgleich
833 1464 892 1497 das

208 1514 439 1547 Aufschieben
469 1513 560 1545 einer
586 1522 679 1544 υαηα
712 1512 890 1543 accusatio

211 1560 337 1593 eberiso
371 1557 553 1592 auffallend
581 1557 644 1598 ist,
675 1556 725 1589 als
751 1556 804 1589 die
830 1555 893 1588 Ge-

210 1604 512 1648 geniiberstellung
568 1603 626 1636 der
672 1601 893 1635 verwandten

210 1650 357 1693 Begriffe
385 1650 626 1692 praetermitti
653 1646 722 1681 und
747 1648 894 1688 differre

212 1697 317 1730 durch
350 1699 412 1727 aut
431 1714 476 1718 -
501 1697 579 1735 aut,
606 1695 729 1734 39‚32,
752 1695 810 1731 11;
837 1692 896 1725 der

214 1741 297 1774 Sinn
322 1741 365 1773 ist
391 1740 501 1773 viell:
528 1739 571 1772 du
589 1739 717 1771 h'attest
743 1738 791 1771 sie
809 1738 895 1771 auch

214 1788 315 1820 heute
341 1786 435 1818 nicht.
466 1784 663 1827 versolgen,
696 1794 721 1816 s.
748 1785 894 1825 5,51,7,

214 1842 300 1875 ganz
325 1830 531 1873 iibergehen,
556 1829 638 1862 oder
664 1839 724 1862 nur
742 1828 895 1862 erklaren

214 1881 365 1917 miissen,
390 1876 468 1909 dass
493 1875 538 1908 du
563 1876 610 1908 sie
643 1885 685 1907 zu
719 1875 811 1906 einer
839 1884 896 1906 an-

216 1923 318 1956 deren
355 1922 428 1954 Zeit
465 1932 523 1954 zur
561 1920 709 1963 Sprache
753 1919 896 1961 bringen

215 1968 376 2002 wurdest.
406 1986 450 1990 —
480 1977 545 2009 per
576 1977 612 1997 se
645 1976 777 2007 quaer„
810 1964 897 1997 nach

215 2014 362 2055 Madvig,
382 2017 423 2046 st.
434 2014 717 2055 persequeretur,
735 2010 897 2053 gewohn-

215 2060 285 2093 lich
298 2058 384 2091 wird
398 2059 659 2101 perspiceretur
684 2055 833 2098 gelesen.
851 2075 895 2078 —

215 2116 306 2138 novo
317 2124 361 2127 —
371 2104 455 2144 odii,
469 2103 510 2136 da
520 2102 606 2135 nach
619 2102 677 2134 der
686 2101 897 2143 Entferuung

212 2153 312 2193 jenes
328 2149 456 2182 Motivs
473 2148 553 2181 kein
567 2147 681 2181 Grund
698 2157 774 2180 zum
791 2146 897 2179 Hasse

217 2196 345 2238 vorlag.
360 2214 404 2218 —
421 2195 563 2237 quidem
587 2194 632 2226 ist
657 2192 817 2231 ironisch,
843 2194 897 2230 31,

218 2244 273 2283 44,
287 2242 319 2282 9,
345 2241 411 2273 wie
434 2240 480 2272 im
504 2239 599 2281 Folg.
624 2238 777 2280 scilicet,
806 2237 900 2270 Mad-

218 2288 276 2330 vig
294 2286 420 2319 fordert
437 2285 602 2328 quodam.
615 2304 659 2307 —
670 2284 802 2328 fecis-5„
827 2283 901 2316 dar-

219 2343 279 2365 aus
303 2332 347 2365 ist
379 2342 421 2364 zu
454 2341 518 2373 ego
543 2330 596 2363 die
630 2328 900 2372 entsprechende

219 2378 317 2410 Form
341 2388 382 2410 zu
408 2377 623 2416 entnehmen‚
648 2385 675 2408 c.
704 2377 805 2417 10,8;
832 2374 899 2406 Cic.

219 2422 305 2455 Phil.
317 2424 348 2464 2,
363 2424 413 2464 15.
422 2423 476 2463 38,
486 2422 555 2465 vgl.
566 2422 599 2454 L.
612 2423 700 2462 3,45,
709 2421 776 2454 9.-
784 2423 900 2452 tamen

220 2471 283 2500 etc.
302 2468 336 2500 in
353 2466 469 2509 Bezug
494 2467 554 2500 aus
576 2468 721 2498 miscuit
736 2465 757 2509 ξ
775 2467 806 2506 6,
823 2465 899 2498 dem

220 2512 415 2552 confudisti
430 2512 620 2556 entspricht
636 2511 706 2544 und
717 2512 823 2552 jenen
837 2510 900 2543 Ge-

960 1235 1093 1269 danken
1119 1235 1246 1268 wieder
1271 1234 1459 1267 aufnimmt.
1483 1253 1528 1256 —
1543 1244 1642 1276 sepa-

959 1283 1046 1314 rabo
1079 1284 1141 1314 etc.
1178 1280 1309 1313 cnthalt
1343 1279 1396 1312 die
1428 1279 1640 1322 Disposition

960 1338 1001 1359 zu
1027 1337 1054 1359 c.
1087 1328 1235 1367 13—15,
1268 1335 1330 1358 vor
1363 1325 1465 1358 deren
1492 1324 1642 1357 Aussfih-

959 1382 1045 1415 rung
1070 1371 1123 1405 die
1141 1370 1403 1414 Widerspri'iche
1428 1370 1644 1413 nachgewie-

961 1428 1020 1451 sen
1055 1417 1211 1452 werden,
1245 1417 1280 1449 in
1312 1416 1445 1449 welche
1479 1416 1553 1448 sich
1584 1415 1644 1448 der

960 1463 1094 1496 Redner
1119 1463 1223 1495 durch
1256 1462 1310 1495 die
1334 1461 1556 1504 Verbindung
1585 1461 1644 1494 der

962 1508 1316 1550 verschiedenartigen
1355 1506 1643 1550 Anklagepunkte

962 1554 1162 1588 verwickelt
1186 1553 1255 1586 hat.

1011 1602 1154 1633 13—20.
1181 1599 1268 1641 quid
1285 1618 1330 1621 —
1346 1609 1371 1631 S.
1398 1608 1441 1639 υ.,
1467 1599 1521 1639 44,
1538 1598 1590 1639 12,
1608 1599 1618 1629 1
1636 1611 1643 1630 :

964 1645 1134 1688 quidnam
1157 1646 1226 1677 sibi
1251 1644 1385 1676 clamor
1408 1643 1520 1685 vellet,
1549 1646 1645 1676 sonst

963 1691 1018 1724 bei
1044 1691 1078 1724 L.
1103 1691 1198 1723 mehr
1222 1700 1290 1723 von
1315 1689 1506 1730 Personen,
1539 1698 1564 1721 s.
1591 1690 1644 1730 32,

965 1738 1019 1778 25,
1044 1738 1102 1774 10;
1124 1739 1154 1777 3,
1177 1738 1231 1776 35,
1253 1738 1272 1769 5
1305 1746 1337 1768 u.
1373 1744 1401 1767 a.
1426 1754 1471 1757 —
1495 1744 1542 1766 an
1568 1738 1644 1770 etc..

953 1782 1019 1815 ‚ein
1033 1779 1411 1815 selbstverst'andlicher
1423 1779 1548 1820 Grund,
1567 1778 1645 1812 dass

962 1837 1001 1860 es
1027 1827 1120 1859 nicht
1154 1837 1191 1859 so
1226 1826 1284 1859 sei.
1311 1845 1355 1849 ——
1379 1827 1461 1865 nisi,
1485 1824 1551 1857 wie
1575 1826 1648 1857 nisi

964 1872 1070 1914 forte,
1096 1883 1120 1905 s.
1141 1873 1314 1913 39.4,12:
1342 1880 1378 1903 es
1402 1873 1531 1903 miisste
1557 1870 1646 1903 denn

967 1918 1038 1951 sein
1064 1917 1142 1950 dass
1168 1927 1251 1950 usw.
1266 1936 1312 1940 —-
1328 1918 1460 1949 virtute
1484 1919 1519 1948 et
1542 1926 1647 1957 cons„

965 1964 1025 1996 mit
1051 1965 1131 2005 regi
1154 1963 1198 1995 ist
1216 1962 1381 1995 zuniichst
1400 1961 1558 1994 consiliis
1573 1971 1647 1994 ver-

965 2008 1114 2049 bunden,
1140 2019 1165 2041 s.
1192 2007 1268 2040 Ter.
1288 2007 1372 2040 Eun.
1396 2009 1422 2047 1,
1441 2008 1544 2048 ⁴1,13:
1570 2017 1648 2039 eam

965 2065 1039 2087 rem
1065 2055 1211 2086 consilio
1235 2063 1360 2095 regere
1375 2063 1449 2085 non
1470 2055 1580 2095 potes,
1605 2061 1648 2085 zu

968 2100 1125 2132 consiliis
1150 2099 1281 2132 enth'alt
1304 2100 1436 2131 virtute
1453 2098 1528 2131 eine
1553 2097 1648 2130 attri-

966 2146 1084 2178 butive
1110 2145 1362 2186 Bestimmung:
1396 2142 1500 2176 durch
1525 2142 1648 2176 dessen

968 2191 1135 2224 treffliche
1160 2189 1400 2231 Rathschlage
1425 2198 1450 2222 s.
1478 2189 1532 2229 39,
1553 2190 1586 2229 5,
1607 2189 1646 2225 5;

970 2239 1001 2279 6,
1022 2239 1069 2273 17.
1086 2238 1122 2269 2:
1157 2239 1195 2268 in
1221 2236 1415 2268 libertatem
1448 2244 1490 2265 ac
1515 2233 1648 2272 lucem,-

970 2284 1001 2323 8,
1020 2284 1074 2323 33,
1095 2284 1152 2315 11:
1180 2292 1250 2313 vooe
1274 2283 1307 2312 et
1328 2279 1533 2321 indignatio
1542 2278 1647 2318 ,·.Cic.

968 2327 1070 2369 Legg.
1098 2330 1128 2364 3,
1146 2328 1197 2366 16,
1212 2328 1272 2360 36;
1298 2327 1364 2357 isto
1383 2326 1502 2356 animo
1520 2334 1562 2356 ac
1578 2325 1650 2356 vir-

970 2376 1060 2413 tute,
1092 2372 1162 2404 und
1185 2372 1247 2413 ist,
1281 2371 1347 2403 wie
1379 2369 1439 2402 das
1472 2368 1553 2411 fclg.
1585 2368 1650 2402 tali

969 2417 1057 2459 (eine
1074 2427 1112 2450 so
1130 2416 1414 2459 ausgezeichnete
1431 2414 1573 2455 senene,
1595 2416 1649 2456 39,

974 2464 1024 2505 12,
1039 2463 1072 2501 4)
1102 2464 1232 2504 pietate
1265 2461 1334 2494 und
1359 2460 1417 2493 der
1442 2470 1550 2503 ganze
1574 2459 1649 2493 Ton

970 2507 1028 2541 der
1040 2507 1132 2540 Rede
1146 2507 1247 2549 zeigt,
1264 2506 1413 2540 ironisch
1425 2516 1468 2539 zu
1486 2506 1648 2544 nehmen;
