1747 2796
234 83 299 123 32·
647 87 770 121 LIBER
795 88 940 121 xxmx.
989 88 1080 122 GAP.
1110 91 1158 123 16.
1189 92 1238 123 ιτ.

1502 107 1528 126 a.
1548 107 1577 127 u.
1597 101 1656 127 568.

180 208 212 239 11
237 214 310 241 nos
330 203 582 242 Bacchanalia
604 203 933 254 discutientesque
955 203 1122 242 nefarios
1144 209 1278 242 coetus
1299 203 1525 244 cerneretis.
1571 216 1654 244 om-

235 259 297 297 nia
329 260 402 298 diis
433 260 613 311 propitiis
652 259 951 311 volentibusque
983 272 1025 298 ea
1065 260 1269 308 faciemus3
1310 260 1378 311 qui
1409 260 1500 311 quia
1540 273 1654 300 suum

235 328 380 354 numen
397 316 611 355 sceleribus
625 316 932 368 libidinibusque
948 316 1203 356 contaminari
1223 316 1383 368 indigne
1399 316 1588 365 ferebant,
1610 330 1656 357 ex

235 372 398 411 occultis
421 385 463 412 ea
485 373 656 412 tenebris
677 374 717 412 in
740 373 865 412 lucem
888 378 1150 421 extraxerunt,
1172 386 1245 413 nec
1266 373 1452 425 patefieri,
1473 379 1516 412 ut
1535 373 1655 426 inpu-

234 428 312 468 nita
335 438 487 475 essent,
520 430 585 469 sed
608 437 649 468 ut
678 430 970 469 vindicarentur
1001 436 1038 469 et
1063 430 1402 482 obprimerentur,
1432 430 1654 470 voluerunt.

176 491 213 523 12
233 491 391 525 senatus
422 487 688 537 quaestionem
716 493 820 526 extra
852 486 1029 525 ordinem
1060 486 1106 525 de
1137 499 1183 526 ea⁴
1210 499 1253 526 re
1281 486 1374 526 mihi
1406 486 1655 539 collegaeque

232 554 318 580 meo
349 543 553 582 mandavit.
605 556 696 589 nos,
729 556 826 594 quae
848 543 944 594 ipsis
967 542 1079 582 nobis
1100 544 1246 595 agenda
1268 549 1382 591 sunt,
1413 543 1567 595 inpigre
1589 557 1654 584 ex-

234 611 466 649 sequemur;
488 600 703 651 vigiliarum
727 607 1008 640 nocturnarum
1031 612 1164 639 curam
1185 613 1256 652 per
1275 600 1411 640 urbem
1434 600 1654 640 minoribus

175 661 211 693 13
232 655 519 706 magistratibus
541 657 823 704 mandavimus,
846 669 913 695 vos
935 669 1092 708 quoque
1112 669 1279 709 aequum
1301 663 1377 706 est,
1409 670 1507 708 quae
1528 663 1654 697 vestra

231 713 366 752 munia
397 721 501 762 sunt,
535 726 612 765 quo
643 714 810 765 quisque
840 713 926 752 loco
949 713 1099 765 'positus
1131 714 1215 761 erit,
1248 714 1352 765 quod
1384 714 1653 765 imperabitur,

232 768 386 821 inpigre
407 777 603 821 praestare
625 776 663 809 et
684 771 773 809 dare
795 783 965 821 operam,
988 783 1037 809 ne
1058 770 1150 821 quid
1164 771 1298 810 fraude
1321 771 1527 810 noxiorum
1549 771 1654 822 peri-

232 827 308 865 culi
330 832 396 865 aut
416 827 606 865 tumultus
638 828 826 866 oriatur.“

177 884 218 918 17

344 883 510 922 Recital-i
543 884 681 923 deinde
705 890 863 923 senatus
893 883 1068 923 consulta
1089 884 1292 923 iusserunt
1320 883 1519 934 indicique
1541 895 1653 934 prae—

230 940 349 978 mium
382 947 696 991 proposuerunt,
735 941 765 979 si
797 940 885 991 quis
916 952 1030 991 quem
1062 940 1108 979 ad
1139 952 1181 978 se
1211 940 1433 979 deduxisset
1463 953 1654 980 nomenve

191 1003 209 1034 2
230 996 400 1036 absentis
431 997 653 1046 detulisset,
687 998 752 1048 qni
776 996 1278 1048 nominatus‘profugisset,
1309 996 1408 1036 diem
1436 1002 1580 1037 certam
1611 1009 1654 1036 se

229 1054 422 1101 finituros,
444 1054 488 1092 ad
511 1066 626 1104 quam
649 1054 723 1092 nisi
746 1054 886 1092 citatus
908 1054 1195 1104 respondisset,
1217 1053 1358 1093 absens
1380 1053 1650 1101 damnaretur;

229 1109 259 1148 si
283 1110 370 1161 quis
396 1122 544 1157 eorum,
567 1111 732 1161 quitum
750 1117 855 1150 extra
872 1116 1014 1149 terram
1031 1110 1177 1149 Italiam
1202 1116 1346 1157 essent,
1368 1110 1650 1158 nominaretur,

230 1166 263 1205 ei
294 1167 477 1205 laxiorem
500 1168 600 1206 diem
623 1168 801 1215 daturos,
834 1167 867 1205 si
887 1167 1019 1206 venire
1049 1167 1094 1205 ad
1118 1179 1270 1206 causam
1303 1166 1506 1206 dicendam
1527 1167 1651 1206 vellet.

188 1229 207 1262 3
228 1222 431 1262 edixerunt
451 1223 603 1269 deinde,
622 1236 671 1262 ne
689 1225 777 1275 quis
789 1224 882 1275 quid
898 1224 1008 1273 fugae
1028 1236 1141 1262 causa
1160 1223 1376 1262 vendidisse
1395 1236 1492 1263 neve
1511 1224 1652 1263 emisse

225 1280 359 1327 vellet;
400 1293 448 1319 ne
487 1281 575 1331 quis
606 1281 819 1332 reciperet,
860 1281 1021 1327 celaret,
1053 1293 1127 1331 ope
1158 1280 1235 1318 ulla
1266 1280 1410 1319 iuvaret
1441 1280 1650 1332 fugientes.

226 1387 270 1391 —
295 1367 430 1408 officiet
451 1371 517 1410 ius,
544 1370 581 1401 id
604 1369 759 1401 destruet
782 1380 823 1403 ac
849 1371 905 1402 de-

225 1414 402 1446 molietur.
426 1433 471 1437 ——
497 1425 536 1446 ea
560 1414 605 1447 ist
630 1425 720 1447 zwar
744 1415 819 1448 hart
836 1426 903 1448 von

227 1461 345 1491 omnia
369 1462 543 1502 getrennt,
576 1459 665 1493 kann
699 1461 780 1493 aber
812 1461 904 1494 nicht

226 1504 317 1537 wohl
343 1515 383 1537 zu
401 1505 561 1537 volentib.
587 1515 737 1547 gezogen
755 1506 902 1545 werden,

226 1549 266 1582 da
300 1550 366 1581 dit-is
397 1561 498 1593 prop.
532 1551 796 1593 volentibusque
828 1552 902 1584 eine

226 1595 388 1627 stehende
413 1596 543 1628 Formel
569 1597 624 1637 ist,
650 1608 674 1628 s.
706 1598 900 1635 1,16.3;7,

227 1641 279 1681 26,
301 1642 330 1673 4.
356 1660 400 1664 -ὴ
425 1651 565 1682 numen,
597 1652 622 1674 s.
650 1643 680 1681 7,
703 1644 732 1682 6,
755 1644 811 1679 11;
845 1654 904 1675 zur

227 1684 333 1717 Sache
360 1686 425 1727 vgl.
458 1686 522 1719 Cic.
543 1686 612 1719 Cat.
636 1688 666 1722 3,
690 1688 780 1725 8;9;
804 1689 901 1727 213.

275 1732 414 1765 12—13
441 1731 516 1763 Wie
546 1732 598 1763 die
622 1730 830 1773 Magistrate
865 1743 901 1765 so

226 1786 317 1808 muss
350 1777 434 1809 auch
462 1777 560 1818 Jeder
592 1777 719 1819 Biirger
752 1778 803 1810 bei
845 1777 903 1810 dei

226 1820 507 1865 Unterdrticknng
539 1822 598 1854 des
624 1822 759 1855 Frevels
793 1823 902 1865 thatig

225 1866 306 1899 sein.
324 1871 494 1900 —senat.
520 1872 582 1900 etc.
610 1878 636 1900 c
669 1870 716 1909 14,
732 1870 760 1901 6.
779 1871 902 1900 ——m15-

226 1922 302 1944 nor.
326 1923 431 1955 magn,
464 1924 505 1946 zu
538 1913 645 1945 denen
678 1914 762 1946 nach
793 1924 819 1946 c.
849 1916 898 1949 14

229 1959 267 1990 10
284 1958 356 1990 hier
372 1969 433 1991 nur
446 1958 499 1990 die
513 1960 695 1991 triumviri
706 1959 786 1997 (und
800 1961 901 2001 quin-

226 2005 375 2043 (μιευίνῐ)
401 2004 579 2045 gerechnet
606 2004 760 2038 werden
794 2014 818 2037 S.
846 2006 899 2040 32.

171 2068 173 2071 ν
225 2049 278 2086 26,
296 2051 354 2085 17;
370 2051 423 2089 36,
438 2051 468 2085 3
483 2051 519 2085 3;
554 2049 740 2082 Mommsen
773 2048 837 2083 Str.
871 2052 898 2087 1,

225 2095 539 2135 56,12,2,4:23,3
565 2095 618 2127 die
652 2094 792 2127 Aedilen
825 2076 898 2127 sind

225 2131 316 2172 nicht
334 2139 435 2172 damit
454 2140 645 2182 heauftragt
663 2140 716 2173 fiir
733 2140 786 2172 die
804 2139 898 2172 Ruhe

223 2184 291 2216 und
316 2184 501 2218 Sicherheit
528 2185 687 2218 wiihrend
712 2185 770 2218 der
791 2185 899 2218 Nacht

225 2239 264 2261 zu
290 2240 420 2272 sorgen.
440 2250 483 2254 —
500 2232 585 2273 ipsis
601 2242 634 2263 n.
660 2231 692 2263 in
711 2230 826 2273 Bezng
843 2231 902 2263 auf

225 2274 245 2315 ἓ
263 2277 318 2308 13;
345 2287 404 2308 vos
428 2287 583 2318 quoque,
609 2276 674 2318 vgl.
701 2279 754 2313 40,
775 2278 823 2312 12.
842 2279 897 2309 11:

225 2322 295 2361 ipse
326 2331 409 2363 ego,·
442 2323 598 2359 44,:39,9
630 2333 660 2355 u.
688 2332 714 2354 a.
742 2340 785 2345 —-
811 2332 900 2363 quae

226 2368 338 2397 vestra
362 2377 406 2399 m.
431 2378 457 2399 s.
476 2367 542 2399 und
569 2377 636 2409 qvo
651 2386 693 2391 —
707 2368 777 2399 erit
792 2367 900 2400 schei-

227 2419 288 2440 nen
315 2410 394 2443 sreie
421 2412 648 2446 Relativs'atze
673 2424 711 2445 zu
738 2413 820 2451 sein,
847 2412 900 2445 die

226 2453 285 2485 das
310 2456 448 2489 nachste
475 2456 594 2499 ObJeet
620 2469 685 2491 von
717 2461 901 2501 praestare

225 2509 254 2530 n.
281 2501 376 2540 quod
397 2504 629 2544 imperabitur
654 2514 714 2537 nur
731 2503 900 2536 vorberei-

227 2547 299 2576 ten:
333 2555 370 2577 so
403 2547 483 2579 weit
507 2548 578 2581 sicli
597 2559 694 2581 euere
722 2548 899 2590 Obliegen-

974 1371 1087 1402 heiten
1113 1369 1324 1407 erstrecken;
1350 1380 1375 1402 s.
1403 1380 1429 1402 c.
1459 1371 1562 1408 11,1;
1589 1369 1648 1402 oh-

974 1415 1083 1457 gleich
1108 1416 1192 1448 auch
1210 1426 1299 1457 quae
1314 1434 1358 1438 -
1374 1418 1458 1447 sunt
1474 1414 1540 1446 wie
1557 1415 1653 1456 quod

971 1463 1093 1503 imper.
1126 1460 1344 1493 unmittelbar
1376 1459 1435 1493 auf
1465 1463 1650 1502 praestare

973 1506 1124 1548 bezogen
1161 1506 1229 1538 und
1265 1506 1360 1548 quod
1395 1506 1562 1548 imper-ab.
1600 1505 1649 1538 als

972 1551 1207 1594 Bestimmung
1264 1551 1453 1584 betrachtet
1512 1550 1649 1584 werden

971 1596 1109 1630 konnte.

1016 1642 1070 1676 17.
1101 1644 1195 1676 1—3.
1221 1645 1363 1674 senatus
1387 1652 1443 1682 cs„
1469 1641 1522 1673 die
1548 1651 1574 1674 c.
1597 1643 1647 1682 14,

972 1690 1009 1724 ὃς
1025 1690 1061 1724 6ς
1077 1690 1094 1720 ’7
1122 1688 1337 1724 el'wfihnten;
1364 1697 1389 1720 S.
1405 1686 1471 1719 Cic.
1486 1686 1556 1719 Cat.
1572 1688 1603 1726 3,
1618 1688 1649 1726 6,

977 1734 1014 1766 13
1030 1732 1063 1768 f„
1089 1732 1143 1775 §4
1169 1732 1301 1765 scheint
1326 1732 1384 1764 das
1410 1731 1463 1764 die
1489 1730 1650 1764 Untersu-

971 1778 1084 1819 clmng
1101 1777 1182 1810 oder
1199 1777 1258 1810 das
1284 1777 1337 1810 die
1354 1776 1560 1818 Aufhebung
1590 1776 1648 1809 der

971 1822 1215 1855 Bacchanalien
1257 1821 1471 1855 ano-rdnende
1512 1820 1649 1855 Senats-

970 1878 1061 1900 conS.
1089 1868 1236 1909 gemeint
1267 1878 1308 1900 zu
1338 1867 1420 1900 sein.
1452 1885 1495 1891 -
1524 1867 1647 1907 indici,

970 1912 1167 1955 allgemein:
1185 1912 1314 1953 Jedem,
1332 1912 1390 1946 der
1407 1912 1481 1946 eine
1498 1912 1648 1955 Anzeige

969 1959 1108 1991 macheu
1143 1958 1276 2000 wiirde,
1314 1958 1378 1991 wie
1410 1960 1442 1990 si
1471 1960 1550 2001 quis
1582 1962 1646 1991 etc.

970 2004 1067 2045 zeigt.
1093 2023 1137 2027 ——
1162 2004 1311 2045 dedum„
1345 2014 1370 2036 s.
1405 2005 1435 2039 9.
1450 2005 1504 2045 24,
1522 2005 1570 2037 14.
1603 2023 1649 2028 -

969 2051 1162 2091 nominat„
1195 2059 1295 2082 wenn
1328 2059 1364 2082 er
1397 2048 1447 2082 als
1479 2048 1649 2091 schuldig,

968 2095 1021 2127 bei
1047 2094 1110 2127 den
1130 2094 1283 2127 Bacclien
1301 2093 1479 2137 betheiligt
1503 2104 1589 2127 uSW.
1603 2113 1648 2118 —

968 2140 1118 2179 finitur.
1142 2141 1197 2178 42,
1211 2142 1265 2181 47,
1279 2141 1317 2177 5;
1341 2141 1506 2181 45,12,7.
1532 2159 1576 2163 —
1600 2139 1647 2172 ad

969 2196 1084 2227 quam,
1111 2196 1149 2218 so
1167 2185 1255 2227 dass,
1280 2195 1381 2218 wenn
1398 2195 1434 2218 er
1449 2194 1490 2217 an
1509 2184 1575 2225 (bis
1591 2185 1645 2222 zu)

969 2231 1096 2263 diesem
1120 2241 1204 2264 usw.
1219 2232 1371 2263 *οἰέαι
1395 2240 1498 2272 resp„
1522 2230 1576 2269 38,
1591 2231 1644 2270 51,

971 2279 999 2309 5.
1026 2280 1179 2309 -ἰενν,
1212 2276 1266 2317 lt„
1292 2277 1435 2317 25,7,.4
1463 2274 1647 2307 -laaeio-

970 2332 1061 2361 rem,
1102 2322 1231 2363 3⁶3,5·2,
1264 2323 1297 2354 1:
1338 2301 1510 2362 Iongwre.
1540 2339 1583 2343 —
1615 2322 1647 2352 si

972 2369 1089 2398 tenir-e
1113 2371 1176 2400 etc.
1211 2365 1341 2399 emhilt
1365 2365 1419 2399 die
1444 2364 1645 2407 Bedingung

970 2422 1009 2444 zu
1043 2411 1117 2444 dem
1151 2421 1279 2454 ganzen
1305 2410 1405 2444 Satze
1436 2412 1468 2443 se·
1500 2413 1578 2452 quis
1601 2429 1645 2433 —

968 2459 1157 2498 nomiman,
1179 2459 1214 2489 ei
1235 2477 1280 2481 —
1304 2457 1468 2490 daturos:
1502 2455 1554 2488 fiir
1578 2454 1644 2488 den

970 2502 1052 2538 Fan.
1078 2502 1154 2535 dass
1179 2512 1214 2535 er
1239 2512 1336 2543 usvv„
1361 2512 1386 2535 s.
1414 2511 1440 2534 c.
1469 2502 1646 2541 4·2„7:40,

969 2549 1000 2586 9,
1015 2549 1033 2581 3
1059 2558 1089 2580 u.
1118 2557 1144 2580 a.
1171 2567 1213 2572 -—
1240 2547 1434 2580 vendidisse
1453 2567 1482 2572 -
1502 2556 1565 2579 em.
1581 2545 1642 2580 vel.
