1779 2893
43 72 61 101 f
124 97 162 118 ιε.
183 89 238 117 ch.
259 89 318 116 177.

559 76 687 111 LIBER
711 77 860 112 xxxxl.
907 76 1004 112 CAP.
1035 80 1086 112 11.
1116 80 1167 113 12.
1534 74 1588 115 23

120 193 480 248 conplorationem
491 194 729 234 feminarum
742 207 1053 247 puerorumque,
1063 194 1181 234 simul
1194 194 1405 235 nefandam
1417 195 1591 243 caedem,

119 252 281 293 ‘milites
295 252 532 305 transgressi
550 264 710 292 murum
731 253 924 306 oppidum
939 253 1151 292 intrarunt.
1194 253 1308 292 cuius
1322 253 1426 306 capti
1442 253 1592 293 tumul·
1613 260 1633 293 6

131 317 220 351 tum
241 310 311 350 ubi
332 323 378 350 ex
399 310 538 364 parido
561 310 735 350 clamore
756 310 997 363 fugientium
1018 310 1171 363 accepit
1192 323 1282 359 rex,
1310 311 1466 351 traiecit
1484 312 1590 351 ferro

133 374 296 423 pectus,
329 381 379 408 ne
398 368 510 408 vivus
531 375 762 421 caperetur3
795 369 915 408 ceteri
945 369 1049 421 capti
1071 376 1137 407 aut
1168 368 1303 408 occisi.
1349 369 1427 409 duo
1450 369 1593 409 deinde
1612 378 1632 410 7

131 426 302 480 oppida,
325 425 463 466 Mutila
480 432 517 466 et
538 425 714 475 Faveria,
736 426 773 465 vi
795 433 908 480 capta
930 433 966 466 et
988 426 1128 466 deleta.
1166 427 1325 479 praeda,
1347 434 1390 466 ut.
1411 427 1452 466 in
1475 434 1593 479 gente
1612 435 1632 469 8

133 484 260 537 inopi,
283 496 354 537 spe
375 484 501 523 maior
529 484 627 531 fuit,
659 491 697 523 et
719 485 850 524 omnis
871 484 1066 524 militibus
1088 496 1277 523 concessa
1299 491 1369 524 est.
1412 485 1593 538 quinque

132 541 241 582 milia
262 541 438 594 capitum
460 549 640 581 sescenta
661 542 827 594 triginta
843 543 921 582 duo
939 542 1012 582 sub
1030 554 1178 582 corona
1193 542 1416 582 renierunt.
1453 550 1592 583 aucto-

131 612 199 640 res
218 598 314 639 belli
335 599 455 651 virgis
477 599 580 639 caesi
603 606 638 639 et
662 601 792 640 securi
816 600 1006 655 percussi.
1057 599 1204 639 Histria
1227 605 1309 639 tota
1331 601 1453 640 trium
1475 601 1592 654 oppi-
1611 609 1633 642 9

125 657 277 698 dorum
292 657 444 697 excidio
463 663 501 697 et
512 663 642 697 morte
657 658 763 709 regis
779 665 915 711 pacata
934 665 1004 706 est,
1023 670 1242 711 omnesque
1258 658 1437 711 undique
1453 659 1593 713 populi

132 715 340 756 obsidibus
361 715 460 755 datis
481 715 522 755 in
545 715 744 755 dicionem
766 722 977 756 venerunt.

248 772 332 813 Sub
351 773 511 813 Histrici
525 774 646 813 finem
664 773 756 813 belli
770 775 874 827 apud
892 774 1058 826 Ligures
1076 773 1245 813 concilia
1261 773 1308 812 de
1329 773 1434 813 bello
1453 773 1589 813 haberi
1615 778 1662 815 12

131 837 288 884 coepta.
328 831 388 870 Ti.
411 830 600 871 Claudius
622 831 862 884 proconsul,
886 833 954 884 qui
977 838 1135 884 praetor
1156 831 1289 884 priore
1311 844 1418 871 anno
1449 832 1592 880 fuerat,

131 901 225 929 cum
247 889 444 942 praesidio
476 889 646 941 legionis
677 890 798 929 unius
820 889 922 929 Pisis
945 895 1136 942 praeerat.
1180 889 1293 929 cuius
1314 889 1456 929 litteris
1477 902 1591 930 sena·
1613 899 1633 932 2

131 952 199 987 tus
221 946 367 987 certior
389 947 531 995 factus,
554 960 619 986 eas
640 947 746 1000 ipsas
766 947 919 987 litteras
941 948 988 986 ad
1011 947 1051 986 C.
1075 946 1282 986 Claudium
1304 971 1360 976 —
1383 960 1473 987 nam
1495 948 1594 988 alter

132 1004 277 1044 consul
298 1004 375 1044 iam
397 1005 437 1044 in
455 1004 676 1044 Sardiniam
695 1005 903 1045 'traiecerat
929 1029 981 1033 ——
1004 1005 1238 1044 deserendas
1259 1013 1395 1045 censet
1417 1011 1453 1045 et
1476 1006 1594 1045 adicit
1613 1015 1634 1048 3

131 1063 359 1111 decretum,
383 1063 572 1115 quoniam
588 1062 735 1103 Histria
758 1063 963 1116 provincia
985 1063 1165 1102 confecta
1189 1069 1304 1111 esset,
1328 1064 1360 1102 si
1383 1063 1417 1102 ei
1440 1063 1592 1103 videre-

129 1126 208 1169 tur,
231 1120 449 1160 exercitum
470 1121 693 1160 traduceret
725 1120 764 1159 in
790 1120 968 1172 Ligures.
1020 1120 1138 1159 simul
1160 1133 1205 1159 ex
1235 1120 1380 1160 litteris
1402 1121 1592 1169 consulis,
1613 1131 1635 1164 4

127 1191 230 1231 quas
251 1178 299 1218 de
319 1177 440 1218 rebus
460 1178 501 1217 in
524 1177 672 1217 Histria
695 1178 816 1230 gestis
838 1178 1073 1231 scripserat,
1104 1178 1145 1217 iu
1168 1178 1334 1218 biduum
1355 1178 1592 1232 supplicatio

129 1236 304 1276 decreta.
346 1241 384 1275 et
404 1236 450 1275 ab
472 1235 595 1275 altero
614 1236 779 1276 consule
795 1236 854 1275 Ti.
871 1236 1110 1289 Sempronio
1133 1236 1173 1275 in
1198 1235 1376 1276 Sardinia
1399 1249 1594 1290 prospere

126 1349 201 1393 vgl.
219 1347 350 1391 jedoch
384 1350 440 1390 27,
474 1351 528 1389 36,
556 1349 592 1385 2:
626 1350 681 1390 37,
709 1350 762 1391 18,
789 1350 825 1386 7;

131 1397 186 1437 38,
212 1398 246 1437 4,
271 1397 303 1429 8.
328 1415 374 1419 -
399 1395 510 1437 cuod„
536 1396 591 1436 28,
618 1396 673 1428 23.

178 1443 279 1476 6-9.
307 1441 497 1474 tumultum
519 1442 592 1483 ubi,
617 1441 755 1484 vg1.4·2,
772 1443 825 1483 63,

136 1490 194 1527 1Ο;
209 1489 266 1530 25,
280 1489 336 1530 25,
354 1489 412 1525 11;
442 1488 634 1519 tumultum
650 1507 679 1510 —
697 1491 826 1532 captae

131 1535 243 1575 urbis,
269 1544 311 1566 zu
337 1535 392 1575 25,
418 1535 474 1574 31,
499 1535 538 1571 9;
564 1532 624 1566 der
651 1533 825 1566 tumultus

128 1580 279 1622 besteht,
290 1580 355 1612 wie
371 1578 476 1613 sehon
490 1579 712 1621 fugientium
723 1580 824 1622 zeigt,

129 1626 227 1660 nicht
253 1626 328 1659 blos
354 1625 386 1658 in
413 1625 596 1668 Geschrei,
623 1636 656 1658 u.
682 1625 825 1667 konnte,

129 1672 318 1706 besonders
344 1671 387 1705 da
408 1671 443 1705 L.
469 1671 724 1715 pleonastische
739 1673 825 1705 Aus-

128 1718 260 1752 driicke
286 1717 382 1751 nicht
405 1717 537 1759 schem,
565 1728 591 1751 s.
607 1718 628 1761 ξ
643 1721 676 1759 4,
701 1729 730 1751 c.
746 1720 778 1759 S,
793 1720 824 1757 4,

129 1766 201 1799 wol
226 1765 338 1798 neben
352 1765 490 1797 clamor
507 1763 660 1798 θην-311111
677 1764 826 1806 werden,

129 1811 173 1845 da
214 1811 269 1845 die
305 1810 363 1845 Hs.
401 1820 465 1844 nur
503 1811 634 1843 tumuli
664 1811 742 1852 hat,
788 1821 826 1844 so

128 1857 216 1891 wird
231 1860 430 1899 interitum,
446 1857 623 1889 indicium
637 1858 700 1889 ubi
713 1859 827 1898 (even-

132 1908 227 1946 tum,
267 1906 434 1943 exilum)
472 1902 554 1936 oder
585 1903 694 1936 simul
725 1914 770 1935 ex
797 1923 827 1926 —

129 1949 352 1993 fugientium
376 1952 544 1982 nuntium
573 1960 648 1983 aec.
673 1960 780 1983 verni.
799 1969 827 1972 —

131 1999 297 2037 traiecit,
322 1995 415 2029 viell.
440 1995 575 2029 bezieht
600 1995 672 2029 sich
699 1995 833 2029 hieraus

132 2042 194 2076 der
221 2042 305 2076 Vers
330 2041 391 2075 des
415 2041 544 2075 Ennius
578 2041 631 2074 bei
658 2041 765 2075 Varro
792 2041 827 2074 L.

129 2088 166 2122 L.
201 2090 241 2128 6,
275 2090 337 2122 82:
382 2098 444 2120 vos
481 2088 598 2130 Epulo
636 2092 827 2130 postquam

129 2136 267 2176 spem-it,
307 2134 398 2167 Fest.
434 2144 466 2177 p.
509 2136 595 2167 330:
633 2136 751 2177 spicit.
786 2154 827 2157 -—

130 2180 265 2214 Mutila
292 2184 326 2212 el
351 2179 450 2216 Fau,
471 2180 570 2221 jenes
597 2189 638 2211 an
665 2179 724 2212 der
739 2179 827 2212 Siid-

131 2227 218 2260 seite
250 2225 311 2259 der
335 2225 528 2268 Halbinsel,
563 2224 618 2258 die
643 2225 734 2269 Lage
759 2236 828 2258 von

130 2272 333 2306 Fax-enaim
358 2271 450 2305 nicht
466 2271 570 2304 naher
595 2271 758 2305 bekannt.
783 2290 829 2294 —

132 2322 167 2352 et
191 2321 317 2361 omnis,
350 2317 421 2362 vgl.
447 2320 503 2361 40,
534 2320 584 2360 16,
615 2319 653 2356 9;
693 2320 747 2358 24,
776 2319 828 2358 16,

133 2368 172 2404 53
197 2365 335 2407 praeda
351 2366 467 2397 omnis
486 2368 742 2408 praeterquam
769 2365 830 2396 Ιιο-

133 2413 271 2451 minum
298 2414 487 2453 captorum
519 2411 629 2443 militi
661 2420 827 2442 concessa

133 2461 204 2498 est:
238 2459 294 2498 23,
321 2452 444 2499 37,*13
472 2467 506 2490 u.
542 2467 591 2491 a.:
624 2456 751 2489 ebenso
784 2456 829 2488 ist

134 2505 251 2535 omnis
284 2512 325 2536 an
350 2513 383 2536 u.
410 2501 460 2536 St.
494 2513 536 2535 zu
562 2504 727 2544 nelunen,
754 2502 825 2544 vgl.

127 2548 260 2591 jedoch
285 2551 318 2592 7,
346 2551 400 2590 16,
427 2551 464 2586 3;
499 2551 555 2590 45,
582 2550 636 2591 34,
663 2552 694 2590 6,
728 2559 767 2581 zu
796 2552 828 2580 et

134 2597 168 2639 6,
199 2597 251 2638 13,
276 2596 316 2629 6:
339 2594 550 2639 praedaque
573 2597 688 2627 omnis
703 2614 731 2618 —
746 2605 828 2628 con-

899 1360 994 1382 cessa
1021 1353 1089 1382 est.-
1118 1352 1296 1386 τ,37,17;
1324 1352 1356 1391 9,
1372 1352 1425 1390 31,
1442 1353 1480 1389 5;
1504 1349 1593 1383 doch

899 1396 982 1428 wird
1021 1396 1074 1429 die
1111 1396 1327 1440 Bemerkung
1367 1397 1453 1430 auch
1488 1407 1594 1441 asyn-

897 1442 1030 1475 detisch
1066 1442 1247 1486 ange-fiigt,
1283 1453 1309 1476 s.
1343 1445 1374 1484 7,
1401 1444 1455 1484 24,
1483 1445 1521 1482 9;
1559 1445 1591 1486 9,

897 1490 951 1530 23,
983 1491 1039 1525 17;
1067 1488 1149 1521 oder
1174 1500 1215 1521 ea
1241 1488 1446 1532 gebraucht,
1482 1499 1509 1523 s.
1536 1491 1593 1530 30,

898 1537 928 1577 ἶ,
956 1537 989 1575 2.
1017 1535 1080 1568 wie
1095 1535 1181 1568 auch
1196 1545 1238 1568 an
1253 1545 1285 1568 u.
1301 1535 1349 1569 St.
1373 1546 1478 1569 verm.
1494 1535 1592 1569 wird.

896 1600 941 1604 ——
967 1585 1104 1613 auctor.
1133 1583 1174 1615 b..
1200 1591 1226 1614 S.
1246 1592 1274 1614 c.
1298 1583 1328 1623 S,
1355 1584 1387 1622 4,
1414 1582 1480 1614 wie
1494 1585 1592 1615 sonst

895 1627 950 1660 bei
984 1627 1090 1660 sehon
1124 1627 1400 1661 unterworfenen
1428 1627 1591 1670 Vfflkem,

897 1684 924 1706 s.
953 1675 1006 1715 29,
1043 1675 1074 1714 3,
1110 1676 1147 1707 4:
1184 1676 1216 1712 9,
1243 1676 1297 1717 24,
1335 1678 1394 1713 15;
1434 1677 1484 1715 10,
1515 1676 1543 1717 1,
1571 1676 1590 1708 3

898 1731 930 1752 u.
958 1729 989 1752 3.
1022 1739 1065 1742 -
1099 1721 1186 1753 [list.
1214 1724 1302 1761 tota,
1336 1720 1407 1763 vgl.
1434 1720 1591 1764 dagegen

896 1768 1057 1807 43,1,7:
1085 1766 1217 1803 Ptine.
1247 1769 1299 1809 19,
1329 1768 1412 1800 129:
1445 1766 1592 1799 Tudita-

896 1823 976 1854 nus,
1003 1815 1066 1855 qui
1091 1813 1229 1845 domuit
1242 1813 1383 1846 Histros
1409 1816 1445 1845 in
1471 1817 1593 1846 statua

897 1870 963 1891 sna
991 1861 1040 1891 ita
1065 1861 1269 1901 inscripsit:
1295 1861 1338 1892 ab
1355 1859 1523 1902 Aquileia
1546 1859 1595 1892 ad

906 1904 1046 1948 Tflgsum
1081 1907 1215 1945 flamen
1241 1907 1320 1945 (625
1350 1915 1378 1939 a.
1402 1909 1466 1947 u.):
1503 1906 1591 1950 App.

897 1951 988 1995 illyr.
1019 1953 1070 1985 10.
1096 1971 1140 1975 ——
1166 1952 1303 1994 populi,
1331 1962 1361 1985 n.
1388 1951 1420 1985 d.
1439 1952 1591 1995 Histrier,

898 1999 1008 2037 017,
1036 1999 1073 2031 2:
1106 2000 1220 2040 9,15‚
1247 2000 1278 2031 2.

945 2087 1098 2124 12-13.
1125 2089 1227 2132 Krieg
1251 2089 1284 2121 in
1311 2089 1483 2133 Ligurien,
1511 2090 1592 2123 Pro-

899 2135 1026 2178 digien,
1053 2136 1107 2168 die
1135 2135 1275 2168 Colonie
1300 2135 1405 2169 Luna.

950 2184 1047 2215 l—o'.
1071 2181 1271 2224 proconsul
1283 2187 1359 2223 ete,
1383 2181 1543 2224 obgleich
1556 2192 1593 2216 er

900 2238 962 2260 nur
995 2228 1071 2260 eine
1105 2227 1233 2270 Legion
1266 2228 1532 2268 commandiert,
1565 2238 1593 2261 s.

899 2273 1087 2307 Mommsen
1103 2273 1171 2307 Str.
1186 2275 1217 2308 2.
1234 2275 1315 2311 6‹‡·5;
1347 2276 1374 2313 1,
1401 2276 1479 2312 10ος
1506 2273 1593 2318 qu.

901 2319 1001 2353 Strw.
1032 2323 1059 2361 1,
1087 2322 1168 2354 379:
1197 2321 1273 2353 351.
1301 2339 1345 2344 —
1370 2322 1491 2362 unius,
1516 2330 1545 2353 c.
1560 2323 1592 2363 5,

901 2367 932 2398 6.
959 2384 1002 2390 -
1024 2376 1177 2409 praeer..
1205 2376 1232 2398 s.
1258 2376 1300 2399 zu
1326 2367 1381 2406 25,
1400 2369 1452 2407 15,
1470 2367 1508 2404 9;
1534 2368 1592 2409 42,

901 2412 956 2453 58,
983 2414 1014 2445 6.
1041 2431 1085 2435 --
1112 2416 1196 2445 cert.
1223 2411 1323 2453 fact„
1349 2412 1503 2452 absolut,
1529 2412 1591 2447 das

902 2456 963 2499 Obj
971 2462 1022 2490 eet
1050 2457 1158 2501 ergibt
1174 2457 1246 2490 sich
1261 2467 1322 2491 aus
1335 2459 1399 2490 sub
1412 2478 1440 2481 —
1454 2462 1592 2502 coepta.

900 2523 944 2527 ——
971 2506 1005 2535 ιή
1035 2503 1154 2544 Βανά..
1191 2503 1311 2548 Polyb.
1345 2506 1401 2540 26.
1427 2507 1462 2537 ἵε
1497 2503 1592 2549 μετὰ

900 2549 967 2589 τὴν
999 2546 1209 2588 dunowa&
1240 2551 1314 2582 τῶν
1344 2547 1497 2583 ὑπάτων
1531 2553 1592 2584 Τι-

899 2594 1023 2639 βερίου
1062 2594 1120 2627 καὶ
1160 2595 1345 2629 Κλαυδὶοτ
1389 2594 1455 2638 τὴν
1498 2595 1592 2643 πρὸς
