<?xml version="1.0" encoding="UTF-8"?>
<!DOCTYPE html PUBLIC "-//W3C//DTD XHTML 1.0 Transitional//EN"
    "http://www.w3.org/TR/xhtml1/DTD/xhtml1-transitional.dtd">
<html xmlns="http://www.w3.org/1999/xhtml" xml:lang="en" lang="en">
 <head>
  <title>
</title>
<meta http-equiv="Content-Type" content="text/html;charset=utf-8" />
  <meta name='ocr-system' content='tesseract 3.04.00' />
  <meta name='ocr-capabilities' content='ocr_page ocr_carea ocr_par ocr_line ocrx_word'/>
</head>
<body>
  <div class='ocr_page' id='page_1' title='image "./aburbeconditalib09livyuoft_0397.png"; bbox 0 0 1779 2893; ppageno 0'>
   <div class='ocr_carea' id='block_1_1' title="bbox 102 98 283 126">
    <p class='ocr_par' dir='ltr' id='par_1_1' title="bbox 102 98 283 126">
     <span class='ocr_line' id='line_1_1' title="bbox 102 98 283 126; baseline 0 0"><span class='ocrx_word' id='word_1_1' title='bbox 102 106 130 126; x_wconf 71' lang='lat' dir='ltr'>a.</span> <span class='ocrx_word' id='word_1_2' title='bbox 148 98 203 126; x_wconf 82' lang='lat' dir='ltr'>cb.</span> <span class='ocrx_word' id='word_1_3' title='bbox 225 99 283 126; x_wconf 80' lang='lat'>171.</span> 
     </span>
    </p>
   </div>
   <div class='ocr_carea' id='block_1_2' title="bbox 558 87 1084 123">
    <p class='ocr_par' dir='ltr' id='par_1_2' title="bbox 558 87 1084 123">
     <span class='ocr_line' id='line_1_2' title="bbox 558 87 1084 123; baseline 0.004 -2"><span class='ocrx_word' id='word_1_4' title='bbox 558 87 685 121; x_wconf 82' lang='lat' dir='ltr'>LIBER</span> <span class='ocrx_word' id='word_1_5' title='bbox 709 88 872 122; x_wconf 81' lang='lat' dir='ltr'>xxxxll.</span> <span class='ocrx_word' id='word_1_6' title='bbox 909 89 1003 122; x_wconf 80' lang='lat' dir='ltr'>CAP.</span> <span class='ocrx_word' id='word_1_7' title='bbox 1030 90 1084 123; x_wconf 88' lang='grc'>63.</span> 
     </span>
    </p>
   </div>
   <div class='ocr_carea' id='block_1_3' title="bbox 1465 87 1546 127">
    <p class='ocr_par' dir='ltr' id='par_1_3' title="bbox 1465 87 1546 127">
     <span class='ocr_line' id='line_1_3' title="bbox 1465 87 1546 127; baseline 0.012 -1"><span class='ocrx_word' id='word_1_8' title='bbox 1465 87 1546 127; x_wconf 83' lang='grc'>163</span> 
     </span>
    </p>
   </div>
   <div class='ocr_carea' id='block_1_4' title="bbox 87 204 1589 1282">
    <p class='ocr_par' dir='ltr' id='par_1_4' title="bbox 87 204 1589 1282">
     <span class='ocr_line' id='line_1_4' title="bbox 215 204 1589 257; baseline 0.001 -12"><span class='ocrx_word' id='word_1_9' title='bbox 215 205 366 245; x_wconf 91' lang='lat' dir='ltr'>Eodem</span> <span class='ocrx_word' id='word_1_10' title='bbox 395 210 575 257; x_wconf 89' lang='lat' dir='ltr'>tempore</span> <span class='ocrx_word' id='word_1_11' title='bbox 605 204 646 244; x_wconf 94' lang='lat' dir='ltr'>in</span> <span class='ocrx_word' id='word_1_12' title='bbox 669 204 830 244; x_wconf 88' lang='lat' dir='ltr'>Boeotia</span> <span class='ocrx_word' id='word_1_13' title='bbox 859 217 1011 245; x_wconf 88' lang='lat' dir='ltr'>summa</span> <span class='ocrx_word' id='word_1_14' title='bbox 1042 206 1076 244; x_wconf 77' lang='lat' dir='ltr'>vi</span> <span class='ocrx_word' id='word_1_15' title='bbox 1100 204 1319 245; x_wconf 80' lang='lat' dir='ltr'>Haliartum</span> <span class='ocrx_word' id='word_1_16' title='bbox 1341 205 1550 245; x_wconf 89' lang='lat' dir='ltr'>Lucretius</span> <span class='ocrx_word' id='word_1_17' title='bbox 1569 212 1589 246; x_wconf 89' lang='lat'><strong>3</strong></span> 
     </span>
     <span class='ocr_line' id='line_1_5' title="bbox 98 261 1548 316; baseline 0 -14"><span class='ocrx_word' id='word_1_18' title='bbox 98 269 260 316; x_wconf 90' lang='lat' dir='ltr'>praetor</span> <span class='ocrx_word' id='word_1_19' title='bbox 280 261 556 316; x_wconf 81' lang='lat' dir='ltr'>oppugnabat3</span> <span class='ocrx_word' id='word_1_20' title='bbox 588 269 625 301; x_wconf 85' lang='lat' dir='ltr'>et</span> <span class='ocrx_word' id='word_1_21' title='bbox 648 275 885 315; x_wconf 83' lang='lat' dir='ltr'>quamquam</span> <span class='ocrx_word' id='word_1_22' title='bbox 907 275 980 302; x_wconf 91' lang='lat' dir='ltr'>nec</span> <span class='ocrx_word' id='word_1_23' title='bbox 1000 262 1200 302; x_wconf 88' lang='lat' dir='ltr'>habebant</span> <span class='ocrx_word' id='word_1_24' title='bbox 1223 270 1382 303; x_wconf 79' lang='lat' dir='ltr'>externa</span> <span class='ocrx_word' id='word_1_25' title='bbox 1404 263 1548 303; x_wconf 75' lang='lat' dir='ltr'>auxilia</span> 
     </span>
     <span class='ocr_line' id='line_1_6' title="bbox 101 318 1548 373; baseline 0 -13"><span class='ocrx_word' id='word_1_26' title='bbox 101 320 252 360; x_wconf 87' lang='lat' dir='ltr'>obsessi</span> <span class='ocrx_word' id='word_1_27' title='bbox 273 326 428 373; x_wconf 86' lang='lat' dir='ltr'>praeter</span> <span class='ocrx_word' id='word_1_28' title='bbox 450 318 745 360; x_wconf 83' lang='lat' dir='ltr'>Coronaeorum</span> <span class='ocrx_word' id='word_1_29' title='bbox 763 320 951 367; x_wconf 91' lang='lat' dir='ltr'>iuniores,</span> <span class='ocrx_word' id='word_1_30' title='bbox 974 321 1042 372; x_wconf 92' lang='lat' dir='ltr'>qui</span> <span class='ocrx_word' id='word_1_31' title='bbox 1063 320 1188 373; x_wconf 87' lang='lat' dir='ltr'>prima</span> <span class='ocrx_word' id='word_1_32' title='bbox 1212 320 1417 360; x_wconf 88' lang='lat' dir='ltr'>obsidione</span> <span class='ocrx_word' id='word_1_33' title='bbox 1438 333 1548 360; x_wconf 90' lang='lat' dir='ltr'>moe-</span> 
     </span>
     <span class='ocr_line' id='line_1_7' title="bbox 99 377 1546 431; baseline 0.001 -14"><span class='ocrx_word' id='word_1_34' title='bbox 99 378 164 418; x_wconf 87' lang='lat' dir='ltr'>nia</span> <span class='ocrx_word' id='word_1_35' title='bbox 184 377 439 425; x_wconf 87' lang='lat' dir='ltr'>intraverant,</span> <span class='ocrx_word' id='word_1_36' title='bbox 461 389 593 429; x_wconf 88' lang='lat' dir='ltr'>neque</span> <span class='ocrx_word' id='word_1_37' title='bbox 615 377 842 430; x_wconf 85' lang='lat' dir='ltr'>sperabant,</span> <span class='ocrx_word' id='word_1_38' title='bbox 864 384 994 417; x_wconf 85' lang='lat' dir='ltr'>tamen</span> <span class='ocrx_word' id='word_1_39' title='bbox 1017 378 1092 430; x_wconf 89' lang='lat' dir='ltr'>ipsi</span> <span class='ocrx_word' id='word_1_40' title='bbox 1115 378 1258 417; x_wconf 88' lang='lat' dir='ltr'>animis</span> <span class='ocrx_word' id='word_1_41' title='bbox 1279 379 1402 430; x_wconf 82' lang='lat' dir='ltr'>magis</span> <span class='ocrx_word' id='word_1_42' title='bbox 1428 390 1546 431; x_wconf 90' lang='lat' dir='ltr'>quam</span> 
     </span>
     <span class='ocr_line' id='line_1_8' title="bbox 97 434 1587 488; baseline 0 -13"><span class='ocrx_word' id='word_1_43' title='bbox 97 435 247 475; x_wconf 84' lang='lat' dir='ltr'>viribus</span> <span class='ocrx_word' id='word_1_44' title='bbox 267 434 516 475; x_wconf 83' lang='lat' dir='ltr'>resistebant.</span> <span class='ocrx_word' id='word_1_45' title='bbox 560 448 650 474; x_wconf 88' lang='lat' dir='ltr'>nam</span> <span class='ocrx_word' id='word_1_46' title='bbox 669 442 705 475; x_wconf 89' lang='lat' dir='ltr'>et</span> <span class='ocrx_word' id='word_1_47' title='bbox 729 435 958 488; x_wconf 80' lang='lat' dir='ltr'>eruptiones</span> <span class='ocrx_word' id='word_1_48' title='bbox 979 435 1021 474; x_wconf 89' lang='lat' dir='ltr'>in</span> <span class='ocrx_word' id='word_1_49' title='bbox 1039 448 1157 488; x_wconf 90' lang='lat' dir='ltr'>opera</span> <span class='ocrx_word' id='word_1_50' title='bbox 1174 435 1314 475; x_wconf 84' lang='lat' dir='ltr'>crebro</span> <span class='ocrx_word' id='word_1_51' title='bbox 1337 436 1546 482; x_wconf 83' lang='lat' dir='ltr'>faciebant,</span> <span class='ocrx_word' id='word_1_52' title='bbox 1566 442 1587 475; x_wconf 84' lang='lat'>4</span> 
     </span>
     <span class='ocr_line' id='line_1_9' title="bbox 99 492 1546 546; baseline 0 -13"><span class='ocrx_word' id='word_1_53' title='bbox 99 498 138 533; x_wconf 85' lang='lat' dir='ltr'>et</span> <span class='ocrx_word' id='word_1_54' title='bbox 168 492 329 532; x_wconf 90' lang='lat' dir='ltr'>arietem</span> <span class='ocrx_word' id='word_1_55' title='bbox 358 492 559 532; x_wconf 85' lang='lat' dir='ltr'>admotum</span> <span class='ocrx_word' id='word_1_56' title='bbox 590 505 698 532; x_wconf 86' lang='lat' dir='ltr'>nuuc</span> <span class='ocrx_word' id='word_1_57' title='bbox 718 509 743 532; x_wconf 73' lang='lat'>÷÷</span> <span class='ocrx_word' id='word_1_58' title='bbox 776 510 801 532; x_wconf 43' lang='grc' dir='ltr'><strong><em>ἃ</em></strong></span> <span class='ocrx_word' id='word_1_59' title='bbox 834 506 935 533; x_wconf 76' lang='lat' dir='ltr'>nunc</span> <span class='ocrx_word' id='word_1_60' title='bbox 964 493 1199 533; x_wconf 87' lang='lat' dir='ltr'>libramento</span> <span class='ocrx_word' id='word_1_61' title='bbox 1228 493 1380 546; x_wconf 90' lang='lat' dir='ltr'>plumbi</span> <span class='ocrx_word' id='word_1_62' title='bbox 1410 506 1546 545; x_wconf 79' lang='lat' dir='ltr'>grava·</span> 
     </span>
     <span class='ocr_line' id='line_1_10' title="bbox 97 549 1544 603; baseline 0 -13"><span class='ocrx_word' id='word_1_63' title='bbox 97 556 182 590; x_wconf 85' lang='lat' dir='ltr'>tum</span> <span class='ocrx_word' id='word_1_64' title='bbox 202 550 250 589; x_wconf 90' lang='lat' dir='ltr'>ad</span> <span class='ocrx_word' id='word_1_65' title='bbox 269 556 415 590; x_wconf 88' lang='lat' dir='ltr'>terram</span> <span class='ocrx_word' id='word_1_66' title='bbox 436 549 657 601; x_wconf 86' lang='lat' dir='ltr'>urguebant</span> <span class='ocrx_word' id='word_1_67' title='bbox 681 557 733 598; x_wconf 92' lang='lat' dir='ltr'>et,</span> <span class='ocrx_word' id='word_1_68' title='bbox 756 551 788 590; x_wconf 89' lang='lat' dir='ltr'>si</span> <span class='ocrx_word' id='word_1_69' title='bbox 811 563 886 603; x_wconf 89' lang='lat' dir='ltr'>qua</span> <span class='ocrx_word' id='word_1_70' title='bbox 908 550 1104 590; x_wconf 88' lang='lat' dir='ltr'>declinare</span> <span class='ocrx_word' id='word_1_71' title='bbox 1126 551 1385 603; x_wconf 79' lang='lat' dir='ltr'>nequiverant</span> <span class='ocrx_word' id='word_1_72' title='bbox 1407 551 1544 599; x_wconf 89' lang='lat' dir='ltr'>ictum,</span> 
     </span>
     <span class='ocr_line' id='line_1_11' title="bbox 95 607 1543 661; baseline 0.001 -15"><span class='ocrx_word' id='word_1_73' title='bbox 95 619 169 660; x_wconf 88' lang='lat' dir='ltr'>pro</span> <span class='ocrx_word' id='word_1_74' title='bbox 190 607 324 647; x_wconf 89' lang='lat' dir='ltr'>diruto</span> <span class='ocrx_word' id='word_1_75' title='bbox 345 620 460 646; x_wconf 92' lang='lat' dir='ltr'>muro</span> <span class='ocrx_word' id='word_1_76' title='bbox 483 620 630 647; x_wconf 89' lang='lat' dir='ltr'>novum</span> <span class='ocrx_word' id='word_1_77' title='bbox 650 608 908 648; x_wconf 88' lang='lat' dir='ltr'>tumultuario</span> <span class='ocrx_word' id='word_1_78' title='bbox 931 620 1051 660; x_wconf 89' lang='lat' dir='ltr'>opere</span> <span class='ocrx_word' id='word_1_79' title='bbox 1072 608 1215 660; x_wconf 79' lang='lat' dir='ltr'>raptim</span> <span class='ocrx_word' id='word_1_80' title='bbox 1237 621 1283 647; x_wconf 85' lang='lat' dir='ltr'>ex</span> <span class='ocrx_word' id='word_1_81' title='bbox 1305 608 1389 661; x_wconf 90' lang='lat' dir='ltr'>ipsa</span> <span class='ocrx_word' id='word_1_82' title='bbox 1405 609 1543 648; x_wconf 88' lang='lat' dir='ltr'>ruinae</span> 
     </span>
     <span class='ocr_line' id='line_1_12' title="bbox 94 665 1584 718; baseline -0.001 -14"><span class='ocrx_word' id='word_1_83' title='bbox 94 670 224 717; x_wconf 84' lang='lat' dir='ltr'>strage</span> <span class='ocrx_word' id='word_1_84' title='bbox 240 665 440 716; x_wconf 85' lang='lat' dir='ltr'>congestis</span> <span class='ocrx_word' id='word_1_85' title='bbox 455 665 557 705; x_wconf 85' lang='lat' dir='ltr'>saxis</span> <span class='ocrx_word' id='word_1_86' title='bbox 579 665 822 705; x_wconf 84' lang='lat' dir='ltr'>extruebant.</span> <span class='ocrx_word' id='word_1_87' title='bbox 863 678 954 705; x_wconf 92' lang='lat' dir='ltr'>cum</span> <span class='ocrx_word' id='word_1_88' title='bbox 971 665 1159 718; x_wconf 89' lang='lat' dir='ltr'>operibus</span> <span class='ocrx_word' id='word_1_89' title='bbox 1182 665 1328 706; x_wconf 77' lang='lat' dir='ltr'>lentior</span> <span class='ocrx_word' id='word_1_90' title='bbox 1348 679 1543 718; x_wconf 73' lang='lat' dir='ltr'>oppuyna-</span> <span class='ocrx_word' id='word_1_91' title='bbox 1565 672 1584 703; x_wconf 89' lang='lat'>5</span> 
     </span>
     <span class='ocr_line' id='line_1_13' title="bbox 96 722 1543 776; baseline 0.001 -15"><span class='ocrx_word' id='word_1_92' title='bbox 96 722 148 762; x_wconf 91' lang='lat' dir='ltr'>tio</span> <span class='ocrx_word' id='word_1_93' title='bbox 171 728 294 771; x_wconf 89' lang='lat' dir='ltr'>esset,</span> <span class='ocrx_word' id='word_1_94' title='bbox 325 722 448 762; x_wconf 91' lang='lat' dir='ltr'>scalas</span> <span class='ocrx_word' id='word_1_95' title='bbox 480 736 551 775; x_wconf 87' lang='lat' dir='ltr'>per</span> <span class='ocrx_word' id='word_1_96' title='bbox 580 723 807 776; x_wconf 89' lang='lat' dir='ltr'>manipulos</span> <span class='ocrx_word' id='word_1_97' title='bbox 828 723 946 762; x_wconf 83' lang='lat' dir='ltr'>dividi</span> <span class='ocrx_word' id='word_1_98' title='bbox 967 730 1126 776; x_wconf 85' lang='lat' dir='ltr'>praetor</span> <span class='ocrx_word' id='word_1_99' title='bbox 1146 723 1259 762; x_wconf 91' lang='lat' dir='ltr'>iussit</span> <span class='ocrx_word' id='word_1_100' title='bbox 1289 723 1361 774; x_wconf 90' lang='lat' dir='ltr'>[ut]</span> <span class='ocrx_word' id='word_1_101' title='bbox 1396 736 1543 763; x_wconf 88' lang='lat' dir='ltr'>corona</span> 
     </span>
     <span class='ocr_line' id='line_1_14' title="bbox 93 779 1544 833; baseline 0.001 -14"><span class='ocrx_word' id='word_1_102' title='bbox 93 779 270 833; x_wconf 82' lang='lat' dir='ltr'>undique</span> <span class='ocrx_word' id='word_1_103' title='bbox 300 780 457 820; x_wconf 92' lang='lat' dir='ltr'>moenia</span> <span class='ocrx_word' id='word_1_104' title='bbox 478 781 757 832; x_wconf 85' lang='lat' dir='ltr'>adgressurus,</span> <span class='ocrx_word' id='word_1_105' title='bbox 792 793 837 820; x_wconf 90' lang='lat' dir='ltr'>eo</span> <span class='ocrx_word' id='word_1_106' title='bbox 859 781 985 832; x_wconf 83' lang='lat' dir='ltr'>magis</span> <span class='ocrx_word' id='word_1_107' title='bbox 1006 781 1260 821; x_wconf 87' lang='lat' dir='ltr'>suffecturam</span> <span class='ocrx_word' id='word_1_108' title='bbox 1281 781 1326 820; x_wconf 91' lang='lat' dir='ltr'>ad</span> <span class='ocrx_word' id='word_1_109' title='bbox 1350 781 1386 820; x_wconf 93' lang='lat' dir='ltr'>id</span> <span class='ocrx_word' id='word_1_110' title='bbox 1409 781 1544 820; x_wconf 84' lang='lat' dir='ltr'>multi—</span> 
     </span>
     <span class='ocr_line' id='line_1_15' title="bbox 91 837 1542 891; baseline 0.001 -14"><span class='ocrx_word' id='word_1_111' title='bbox 91 837 271 877; x_wconf 82' lang='lat' dir='ltr'>tudinem</span> <span class='ocrx_word' id='word_1_112' title='bbox 290 844 413 886; x_wconf 88' lang='lat' dir='ltr'>ratus,</span> <span class='ocrx_word' id='word_1_113' title='bbox 436 838 541 891; x_wconf 91' lang='lat' dir='ltr'>quod</span> <span class='ocrx_word' id='word_1_114' title='bbox 565 851 640 890; x_wconf 91' lang='lat' dir='ltr'>qua</span> <span class='ocrx_word' id='word_1_115' title='bbox 662 847 773 891; x_wconf 89' lang='lat' dir='ltr'>parte</span> <span class='ocrx_word' id='word_1_116' title='bbox 804 838 919 891; x_wconf 88' lang='lat' dir='ltr'>palus</span> <span class='ocrx_word' id='word_1_117' title='bbox 941 838 1079 878; x_wconf 89' lang='lat' dir='ltr'>urbem</span> <span class='ocrx_word' id='word_1_118' title='bbox 1101 838 1225 891; x_wconf 85' lang='lat' dir='ltr'>cingit</span> <span class='ocrx_word' id='word_1_119' title='bbox 1248 851 1322 878; x_wconf 89' lang='lat' dir='ltr'>nec</span> <span class='ocrx_word' id='word_1_120' title='bbox 1343 838 1542 878; x_wconf 79' lang='lat' dir='ltr'>adtinebat</span> 
     </span>
     <span class='ocr_line' id='line_1_16' title="bbox 92 895 1584 949; baseline 0.001 -15"><span class='ocrx_word' id='word_1_121' title='bbox 92 895 318 948; x_wconf 84' lang='lat' dir='ltr'>oppugnari</span> <span class='ocrx_word' id='word_1_122' title='bbox 339 908 412 935; x_wconf 92' lang='lat' dir='ltr'>nec</span> <span class='ocrx_word' id='word_1_123' title='bbox 433 902 598 948; x_wconf 88' lang='lat' dir='ltr'>poterat.</span> <span class='ocrx_word' id='word_1_124' title='bbox 640 896 725 948; x_wconf 83' lang='lat' dir='ltr'>ipse</span> <span class='ocrx_word' id='word_1_125' title='bbox 747 896 793 936; x_wconf 89' lang='lat' dir='ltr'>ab</span> <span class='ocrx_word' id='word_1_126' title='bbox 817 909 860 936; x_wconf 89' lang='lat' dir='ltr'>ea</span> <span class='ocrx_word' id='word_1_127' title='bbox 882 903 1009 948; x_wconf 85' lang='lat' dir='ltr'>parte,</span> <span class='ocrx_word' id='word_1_128' title='bbox 1049 909 1125 948; x_wconf 91' lang='lat' dir='ltr'>qua</span> <span class='ocrx_word' id='word_1_129' title='bbox 1146 896 1244 935; x_wconf 92' lang='lat' dir='ltr'>duae</span> <span class='ocrx_word' id='word_1_130' title='bbox 1266 902 1398 935; x_wconf 89' lang='lat' dir='ltr'>turres</span> <span class='ocrx_word' id='word_1_131' title='bbox 1419 897 1544 949; x_wconf 87' lang='lat' dir='ltr'>quod·</span> <span class='ocrx_word' id='word_1_132' title='bbox 1564 901 1584 935; x_wconf 88' lang='lat'>6</span> 
     </span>
     <span class='ocr_line' id='line_1_17' title="bbox 92 953 1542 1005; baseline 0.001 -13"><span class='ocrx_word' id='word_1_133' title='bbox 92 965 170 1005; x_wconf 91' lang='lat' dir='ltr'>que</span> <span class='ocrx_word' id='word_1_134' title='bbox 190 953 294 992; x_wconf 90' lang='lat' dir='ltr'>inter</span> <span class='ocrx_word' id='word_1_135' title='bbox 325 966 390 993; x_wconf 91' lang='lat' dir='ltr'>eas</span> <span class='ocrx_word' id='word_1_136' title='bbox 410 953 514 993; x_wconf 91' lang='lat' dir='ltr'>muri</span> <span class='ocrx_word' id='word_1_137' title='bbox 546 954 670 993; x_wconf 84' lang='lat' dir='ltr'>fuerat</span> <span class='ocrx_word' id='word_1_138' title='bbox 704 966 729 989; x_wconf 74' lang='lat'>÷÷</span> <span class='ocrx_word' id='word_1_139' title='bbox 743 984 752 1001; x_wconf 92' lang='lat'>,</span> <span class='ocrx_word' id='word_1_140' title='bbox 782 954 860 993; x_wconf 91' lang='lat' dir='ltr'>duo</span> <span class='ocrx_word' id='word_1_141' title='bbox 882 954 988 993; x_wconf 84' lang='lat' dir='ltr'>milia</span> <span class='ocrx_word' id='word_1_142' title='bbox 1019 953 1190 993; x_wconf 88' lang='lat' dir='ltr'>militum</span> <span class='ocrx_word' id='word_1_143' title='bbox 1211 953 1453 993; x_wconf 89' lang='lat' dir='ltr'>delectorum</span> <span class='ocrx_word' id='word_1_144' title='bbox 1475 954 1542 993; x_wconf 88' lang='lat' dir='ltr'>ad—</span> 
     </span>
     <span class='ocr_line' id='line_1_18' title="bbox 89 1010 1541 1064; baseline 0.001 -15"><span class='ocrx_word' id='word_1_145' title='bbox 89 1010 225 1058; x_wconf 84' lang='lat' dir='ltr'>movit,</span> <span class='ocrx_word' id='word_1_146' title='bbox 244 1018 288 1050; x_wconf 80' lang='lat' dir='ltr'>ut</span> <span class='ocrx_word' id='word_1_147' title='bbox 305 1011 443 1050; x_wconf 88' lang='lat' dir='ltr'>eodem</span> <span class='ocrx_word' id='word_1_148' title='bbox 457 1017 650 1064; x_wconf 87' lang='lat' dir='ltr'>tempore,</span> <span class='ocrx_word' id='word_1_149' title='bbox 673 1024 751 1063; x_wconf 89' lang='lat' dir='ltr'>quo</span> <span class='ocrx_word' id='word_1_150' title='bbox 768 1011 853 1064; x_wconf 92' lang='lat' dir='ltr'>ipse</span> <span class='ocrx_word' id='word_1_151' title='bbox 870 1012 1149 1051; x_wconf 84' lang='lat' dir='ltr'>transcendere</span> <span class='ocrx_word' id='word_1_152' title='bbox 1165 1011 1302 1051; x_wconf 89' lang='lat' dir='ltr'>ruinas</span> <span class='ocrx_word' id='word_1_153' title='bbox 1317 1018 1541 1060; x_wconf 84' lang='lat' dir='ltr'>conaretur,</span> 
     </span>
     <span class='ocr_line' id='line_1_19' title="bbox 90 1068 1542 1121; baseline 0.001 -14"><span class='ocrx_word' id='word_1_154' title='bbox 90 1079 291 1108; x_wconf 90' lang='lat' dir='ltr'>concursu</span> <span class='ocrx_word' id='word_1_155' title='bbox 306 1068 491 1108; x_wconf 89' lang='lat' dir='ltr'>adversus</span> <span class='ocrx_word' id='word_1_156' title='bbox 508 1081 549 1108; x_wconf 90' lang='lat' dir='ltr'>se</span> <span class='ocrx_word' id='word_1_157' title='bbox 566 1069 858 1121; x_wconf 84' lang='lat' dir='ltr'>oppidanorum</span> <span class='ocrx_word' id='word_1_158' title='bbox 880 1069 982 1108; x_wconf 85' lang='lat' dir='ltr'>facto</span> <span class='ocrx_word' id='word_1_159' title='bbox 1001 1068 1115 1108; x_wconf 83' lang='lat' dir='ltr'>scalis</span> <span class='ocrx_word' id='word_1_160' title='bbox 1129 1082 1249 1108; x_wconf 77' lang='lat' dir='ltr'>vacua</span> <span class='ocrx_word' id='word_1_161' title='bbox 1267 1069 1542 1109; x_wconf 88' lang='lat' dir='ltr'>defensoribus</span> 
     </span>
     <span class='ocr_line' id='line_1_20' title="bbox 89 1125 1580 1179; baseline 0.001 -15"><span class='ocrx_word' id='word_1_162' title='bbox 89 1125 247 1165; x_wconf 91' lang='lat' dir='ltr'>moenia</span> <span class='ocrx_word' id='word_1_163' title='bbox 276 1126 363 1178; x_wconf 85' lang='lat' dir='ltr'>capi</span> <span class='ocrx_word' id='word_1_164' title='bbox 394 1133 504 1179; x_wconf 86' lang='lat' dir='ltr'>parte</span> <span class='ocrx_word' id='word_1_165' title='bbox 534 1126 664 1178; x_wconf 88' lang='lat' dir='ltr'>aliqua</span> <span class='ocrx_word' id='word_1_166' title='bbox 695 1132 873 1178; x_wconf 85' lang='lat' dir='ltr'>possent.</span> <span class='ocrx_word' id='word_1_167' title='bbox 924 1126 1028 1165; x_wconf 89' lang='lat' dir='ltr'>haud</span> <span class='ocrx_word' id='word_1_168' title='bbox 1059 1126 1234 1177; x_wconf 83' lang='lat' dir='ltr'>segniter</span> <span class='ocrx_word' id='word_1_169' title='bbox 1256 1127 1443 1179; x_wconf 86' lang='lat' dir='ltr'>oppidani</span> <span class='ocrx_word' id='word_1_170' title='bbox 1463 1127 1540 1166; x_wconf 79' lang='lat' dir='ltr'>vim</span> <span class='ocrx_word' id='word_1_171' title='bbox 1560 1133 1580 1165; x_wconf 81' lang='lat'><strong>7</strong></span> 
     </span>
     <span class='ocr_line' id='line_1_21' title="bbox 90 1182 1540 1236; baseline 0.001 -14"><span class='ocrx_word' id='word_1_172' title='bbox 90 1182 175 1222; x_wconf 90' lang='lat' dir='ltr'>eius</span> <span class='ocrx_word' id='word_1_173' title='bbox 205 1195 339 1222; x_wconf 89' lang='lat' dir='ltr'>arcere</span> <span class='ocrx_word' id='word_1_174' title='bbox 370 1190 521 1236; x_wconf 86' lang='lat' dir='ltr'>parant.</span> <span class='ocrx_word' id='word_1_175' title='bbox 573 1195 663 1223; x_wconf 89' lang='lat' dir='ltr'>nam</span> <span class='ocrx_word' id='word_1_176' title='bbox 694 1196 816 1236; x_wconf 90' lang='lat' dir='ltr'>super</span> <span class='ocrx_word' id='word_1_177' title='bbox 846 1190 1013 1222; x_wconf 88' lang='lat' dir='ltr'>stratum</span> <span class='ocrx_word' id='word_1_178' title='bbox 1043 1184 1170 1223; x_wconf 88' lang='lat' dir='ltr'>ruinis</span> <span class='ocrx_word' id='word_1_179' title='bbox 1204 1183 1336 1223; x_wconf 90' lang='lat' dir='ltr'>locum</span> <span class='ocrx_word' id='word_1_180' title='bbox 1367 1184 1540 1224; x_wconf 86' lang='lat' dir='ltr'>fascibus</span> 
     </span>
     <span class='ocr_line' id='line_1_22' title="bbox 87 1240 1539 1282; baseline 0.002 -3"><span class='ocrx_word' id='word_1_181' title='bbox 87 1240 207 1280; x_wconf 88' lang='lat' dir='ltr'>aridis</span> <span class='ocrx_word' id='word_1_182' title='bbox 222 1247 514 1280; x_wconf 88' lang='lat' dir='ltr'>sarmentorum</span> <span class='ocrx_word' id='word_1_183' title='bbox 535 1240 691 1280; x_wconf 90' lang='lat' dir='ltr'>iniectis</span> <span class='ocrx_word' id='word_1_184' title='bbox 705 1247 852 1280; x_wconf 87' lang='lat' dir='ltr'>stantes</span> <span class='ocrx_word' id='word_1_185' title='bbox 870 1252 960 1280; x_wconf 90' lang='lat' dir='ltr'>cum</span> <span class='ocrx_word' id='word_1_186' title='bbox 979 1241 1208 1281; x_wconf 89' lang='lat' dir='ltr'>ardentibus</span> <span class='ocrx_word' id='word_1_187' title='bbox 1231 1241 1383 1281; x_wconf 85' lang='lat' dir='ltr'>facibus</span> <span class='ocrx_word' id='word_1_188' title='bbox 1400 1255 1539 1282; x_wconf 90' lang='lat' dir='ltr'>accen-</span> 
     </span>
    </p>
   </div>
   <div class='ocr_carea' id='block_1_5' title="bbox 75 1349 778 2638">
    <p class='ocr_par' dir='ltr' id='par_1_5' title="bbox 80 1349 778 1993">
     <span class='ocr_line' id='line_1_23' title="bbox 86 1349 778 1398; baseline 0 -13"><span class='ocrx_word' id='word_1_189' title='bbox 86 1353 251 1398; x_wconf 78' lang='grc' dir='ltr'><em>ἐπιφανῆ</em></span> <span class='ocrx_word' id='word_1_190' title='bbox 294 1356 355 1386; x_wconf 84' lang='grc' dir='ltr'>καὶ</span> <span class='ocrx_word' id='word_1_191' title='bbox 390 1349 573 1395; x_wconf 76' lang='grc' dir='ltr'><strong><em>ἀήττητον</em></strong></span> <span class='ocrx_word' id='word_1_192' title='bbox 608 1349 778 1395; x_wconf 70' lang='grc' dir='ltr'>ἀθλητὴν</span> 
     </span>
     <span class='ocr_line' id='line_1_24' title="bbox 86 1395 776 1445; baseline -0.001 -13"><span class='ocrx_word' id='word_1_193' title='bbox 86 1397 180 1432; x_wconf 79' lang='grc' dir='ltr'><strong><em>εἶναι</em></strong></span> <span class='ocrx_word' id='word_1_194' title='bbox 217 1395 397 1432; x_wconf 76' lang='grc' dir='ltr'><em>δοκοῦντα</em></span> <span class='ocrx_word' id='word_1_195' title='bbox 440 1400 674 1445; x_wconf 70' lang='grc' dir='ltr'><em>συγκαταστῇ</em></span> <span class='ocrx_word' id='word_1_196' title='bbox 716 1412 776 1432; x_wconf 83' lang='grc' dir='ltr'>τα-</span> 
     </span>
     <span class='ocr_line' id='line_1_25' title="bbox 86 1441 776 1489; baseline 0 -12"><span class='ocrx_word' id='word_1_197' title='bbox 86 1443 210 1478; x_wconf 72' lang='grc' dir='ltr'><strong><em>πεινὸς</em></strong></span> <span class='ocrx_word' id='word_1_198' title='bbox 254 1447 314 1477; x_wconf 82' lang='grc' dir='ltr'>καὶ</span> <span class='ocrx_word' id='word_1_199' title='bbox 358 1443 450 1478; x_wconf 72' lang='grc' dir='ltr'>πολὺ</span> <span class='ocrx_word' id='word_1_200' title='bbox 495 1441 776 1489; x_wconf 69' lang='grc' dir='ltr'><em>καταδεέστερος</em></span> 
     </span>
     <span class='ocr_line' id='line_1_26' title="bbox 84 1487 775 1537; baseline -0.001 -14"><span class='ocrx_word' id='word_1_201' title='bbox 84 1487 375 1537; x_wconf 70' lang='grc' dir='ltr'>ἀνταγωνιστὴς,</span> <span class='ocrx_word' id='word_1_202' title='bbox 402 1487 542 1524; x_wconf 70' lang='grc' dir='ltr'><em>εὐθέως</em></span> <span class='ocrx_word' id='word_1_203' title='bbox 565 1488 775 1536; x_wconf 74' lang='grc' dir='ltr'><em>ἀπομερίζει</em></span> 
     </span>
     <span class='ocr_line' id='line_1_27' title="bbox 84 1534 773 1579; baseline -0.001 -10"><span class='ocrx_word' id='word_1_204' title='bbox 84 1534 130 1570; x_wconf 81' lang='grc' dir='ltr'>τὰ</span> <span class='ocrx_word' id='word_1_205' title='bbox 153 1534 282 1579; x_wconf 68' lang='grc' dir='ltr'><em>πλήθη</em></span> <span class='ocrx_word' id='word_1_206' title='bbox 313 1535 381 1579; x_wconf 79' lang='grc' dir='ltr'>τὴν</span> <span class='ocrx_word' id='word_1_207' title='bbox 407 1535 556 1570; x_wconf 70' lang='grc' dir='ltr'><em>εὔνοιαν</em></span> <span class='ocrx_word' id='word_1_208' title='bbox 586 1537 641 1579; x_wconf 76' lang='grc' dir='ltr'>τῷ</span> <span class='ocrx_word' id='word_1_209' title='bbox 666 1550 773 1570; x_wconf 79' lang='grc' dir='ltr'><em>κατα-</em></span> 
     </span>
     <span class='ocr_line' id='line_1_28' title="bbox 83 1578 771 1629; baseline 0 -14"><span class='ocrx_word' id='word_1_210' title='bbox 83 1578 262 1629; x_wconf 74' lang='grc' dir='ltr'><em>δεεστέρῳ</em></span> <span class='ocrx_word' id='word_1_211' title='bbox 288 1585 348 1615; x_wconf 80' lang='grc' dir='ltr'>καὶ</span> <span class='ocrx_word' id='word_1_212' title='bbox 373 1582 532 1629; x_wconf 72' lang='grc' dir='ltr'><em>θαρρεῖ-ι’</em></span> <span class='ocrx_word' id='word_1_213' title='bbox 552 1581 771 1628; x_wconf 48' lang='lat' dir='ltr'>zaptani-eh</span> 
     </span>
     <span class='ocr_line' id='line_1_29' title="bbox 84 1628 773 1672; baseline 0 -11"><span class='ocrx_word' id='word_1_214' title='bbox 84 1648 130 1652; x_wconf 87' lang='lat'>—</span> <span class='ocrx_word' id='word_1_215' title='bbox 144 1629 317 1661; x_wconf 72' lang='lat' dir='ltr'>deteriori</span> <span class='ocrx_word' id='word_1_216' title='bbox 329 1633 400 1672; x_wconf 81' lang='lat' dir='ltr'>atq.</span> <span class='ocrx_word' id='word_1_217' title='bbox 414 1629 480 1669; x_wconf 77' lang='lat' dir='ltr'>inf.</span> <span class='ocrx_word' id='word_1_218' title='bbox 501 1629 687 1671; x_wconf 83' lang='lat' dir='ltr'>entspricht</span> <span class='ocrx_word' id='word_1_219' title='bbox 712 1628 773 1662; x_wconf 78' lang='grc' dir='ltr'>τά·</span> 
     </span>
     <span class='ocr_line' id='line_1_30' title="bbox 84 1672 773 1721; baseline -0.001 -12"><span class='ocrx_word' id='word_1_220' title='bbox 84 1672 208 1709; x_wconf 77' lang='grc' dir='ltr'><strong><em>πεινὲς</em></strong></span> <span class='ocrx_word' id='word_1_221' title='bbox 244 1676 304 1707; x_wconf 84' lang='grc' dir='ltr'>καὶ</span> <span class='ocrx_word' id='word_1_222' title='bbox 352 1672 444 1709; x_wconf 72' lang='grc' dir='ltr'><strong><em>πολὺ</em></strong></span> <span class='ocrx_word' id='word_1_223' title='bbox 483 1672 773 1721; x_wconf 71' lang='grc' dir='ltr'><em>καταδεέστερος.</em></span> 
     </span>
     <span class='ocr_line' id='line_1_31' title="bbox 84 1720 774 1763; baseline 0.003 -11"><span class='ocrx_word' id='word_1_224' title='bbox 84 1721 206 1761; x_wconf 65' lang='lat' dir='ltr'>deter„</span> <span class='ocrx_word' id='word_1_225' title='bbox 231 1731 258 1754; x_wconf 90' lang='lat' dir='ltr'>s.</span> <span class='ocrx_word' id='word_1_226' title='bbox 285 1732 314 1755; x_wconf 90' lang='lat' dir='ltr'>c.</span> <span class='ocrx_word' id='word_1_227' title='bbox 338 1723 437 1763; x_wconf 87' lang='lat'>30,1.</span> <span class='ocrx_word' id='word_1_228' title='bbox 463 1740 507 1746; x_wconf 92' lang='grc'>-</span> <span class='ocrx_word' id='word_1_229' title='bbox 531 1720 698 1763; x_wconf 81' lang='lat' dir='ltr'>favendo,</span> <span class='ocrx_word' id='word_1_230' title='bbox 725 1722 774 1754; x_wconf 88' lang='lat' dir='ltr'>in-</span> 
     </span>
     <span class='ocr_line' id='line_1_32' title="bbox 83 1766 775 1810; baseline 0.001 -11"><span class='ocrx_word' id='word_1_231' title='bbox 83 1766 161 1800; x_wconf 90' lang='lat' dir='ltr'>dem</span> <span class='ocrx_word' id='word_1_232' title='bbox 185 1767 246 1810; x_wconf 89' lang='lat' dir='ltr'>sie,</span> <span class='ocrx_word' id='word_1_233' title='bbox 272 1766 423 1801; x_wconf 87' lang='lat' dir='ltr'>dadurch</span> <span class='ocrx_word' id='word_1_234' title='bbox 438 1767 517 1801; x_wconf 89' lang='lat' dir='ltr'>dass</span> <span class='ocrx_word' id='word_1_235' title='bbox 544 1767 592 1800; x_wconf 88' lang='lat' dir='ltr'>sie</span> <span class='ocrx_word' id='word_1_236' title='bbox 618 1768 775 1808; x_wconf 84' lang='lat' dir='ltr'>usw.‚ist</span> 
     </span>
     <span class='ocr_line' id='line_1_33' title="bbox 81 1813 774 1856; baseline 0.003 -11"><span class='ocrx_word' id='word_1_237' title='bbox 81 1813 239 1856; x_wconf 90' lang='lat' dir='ltr'>Apposit.</span> <span class='ocrx_word' id='word_1_238' title='bbox 254 1823 294 1846; x_wconf 91' lang='lat' dir='ltr'>zu</span> <span class='ocrx_word' id='word_1_239' title='bbox 319 1823 432 1855; x_wconf 83' lang='lat' dir='ltr'>pravo</span> <span class='ocrx_word' id='word_1_240' title='bbox 457 1813 561 1854; x_wconf 69' lang='lat' dir='ltr'>stud„</span> <span class='ocrx_word' id='word_1_241' title='bbox 588 1813 654 1846; x_wconf 88' lang='lat' dir='ltr'>wie</span> <span class='ocrx_word' id='word_1_242' title='bbox 673 1815 704 1854; x_wconf 91' lang='grc'>2,</span> <span class='ocrx_word' id='word_1_243' title='bbox 720 1816 774 1854; x_wconf 84' lang='grc'>47,</span> 
     </span>
     <span class='ocr_line' id='line_1_34' title="bbox 84 1858 774 1900; baseline 0.001 -8"><span class='ocrx_word' id='word_1_244' title='bbox 84 1860 138 1900; x_wconf 88' lang='lat'>12,</span> <span class='ocrx_word' id='word_1_245' title='bbox 151 1858 256 1892; x_wconf 87' lang='lat' dir='ltr'>durch</span> <span class='ocrx_word' id='word_1_246' title='bbox 272 1858 335 1893; x_wconf 90' lang='lat' dir='ltr'>den</span> <span class='ocrx_word' id='word_1_247' title='bbox 345 1859 555 1893; x_wconf 79' lang='lat' dir='ltr'>Relativsatz</span> <span class='ocrx_word' id='word_1_248' title='bbox 567 1869 634 1892; x_wconf 74' lang='lat' dir='ltr'>von</span> <span class='ocrx_word' id='word_1_249' title='bbox 646 1859 774 1893; x_wconf 87' lang='lat' dir='ltr'>diesem</span> 
     </span>
     <span class='ocr_line' id='line_1_35' title="bbox 80 1905 774 1948; baseline 0.003 -11"><span class='ocrx_word' id='word_1_250' title='bbox 80 1907 252 1948; x_wconf 79' lang='lat' dir='ltr'>getrennt,</span> <span class='ocrx_word' id='word_1_251' title='bbox 273 1905 343 1948; x_wconf 85' lang='lat' dir='ltr'>vgl.</span> <span class='ocrx_word' id='word_1_252' title='bbox 359 1908 390 1945; x_wconf 87' lang='grc'>6,</span> <span class='ocrx_word' id='word_1_253' title='bbox 410 1908 461 1947; x_wconf 86' lang='grc'>11,</span> <span class='ocrx_word' id='word_1_254' title='bbox 481 1908 518 1943; x_wconf 85' lang='lat'>9;</span> <span class='ocrx_word' id='word_1_255' title='bbox 545 1905 646 1940; x_wconf 83' lang='lat' dir='ltr'>Gron.</span> <span class='ocrx_word' id='word_1_256' title='bbox 668 1916 774 1939; x_wconf 76' lang='lat' dir='ltr'>verm.</span> 
     </span>
     <span class='ocr_line' id='line_1_36' title="bbox 80 1949 726 1993; baseline 0.002 -10"><span class='ocrx_word' id='word_1_257' title='bbox 80 1949 251 1992; x_wconf 73' lang='lat' dir='ltr'>favendi5</span> <span class='ocrx_word' id='word_1_258' title='bbox 274 1951 330 1985; x_wconf 72' lang='lat' dir='ltr'>ab.</span> <span class='ocrx_word' id='word_1_259' title='bbox 356 1952 479 1991; x_wconf 77' lang='lat' dir='ltr'>favere</span> <span class='ocrx_word' id='word_1_260' title='bbox 505 1962 532 1985; x_wconf 89' lang='lat' dir='ltr'>s.</span> <span class='ocrx_word' id='word_1_261' title='bbox 560 1954 589 1990; x_wconf 89' lang='grc'>1,</span> <span class='ocrx_word' id='word_1_262' title='bbox 615 1954 669 1993; x_wconf 81' lang='grc'>25,</span> <span class='ocrx_word' id='word_1_263' title='bbox 694 1954 726 1986; x_wconf 84' lang='grc'>9.</span> 
     </span>
    </p>

    <p class='ocr_par' dir='ltr' id='par_1_6' title="bbox 80 1995 770 2085">
     <span class='ocr_line' id='line_1_37' title="bbox 127 1995 770 2032; baseline -0.003 0"><span class='ocrx_word' id='word_1_264' title='bbox 127 1995 190 2032; x_wconf 81' lang='grc'>63.</span> <span class='ocrx_word' id='word_1_265' title='bbox 216 1999 339 2031; x_wconf 88' lang='grc'>3-12.</span> <span class='ocrx_word' id='word_1_266' title='bbox 372 1997 560 2031; x_wconf 88' lang='lat' dir='ltr'>Einnahme</span> <span class='ocrx_word' id='word_1_267' title='bbox 585 2009 652 2031; x_wconf 77' lang='lat' dir='ltr'>von</span> <span class='ocrx_word' id='word_1_268' title='bbox 679 1998 770 2031; x_wconf 89' lang='lat' dir='ltr'>Hali-</span> 
     </span>
     <span class='ocr_line' id='line_1_38' title="bbox 80 2042 586 2085; baseline 0 -10"><span class='ocrx_word' id='word_1_269' title='bbox 80 2045 173 2076; x_wconf 87' lang='lat' dir='ltr'>artus</span> <span class='ocrx_word' id='word_1_270' title='bbox 198 2053 231 2076; x_wconf 93' lang='lat' dir='ltr'>u.</span> <span class='ocrx_word' id='word_1_271' title='bbox 258 2042 398 2076; x_wconf 87' lang='lat' dir='ltr'>Theben</span> <span class='ocrx_word' id='word_1_272' title='bbox 424 2042 586 2085; x_wconf 88' lang='lat' dir='ltr'>(Thisbe).</span> 
     </span>
    </p>

    <p class='ocr_par' dir='ltr' id='par_1_7' title="bbox 75 2088 770 2638">
     <span class='ocr_line' id='line_1_39' title="bbox 128 2088 770 2132; baseline -0.003 -9"><span class='ocrx_word' id='word_1_273' title='bbox 128 2089 229 2123; x_wconf 84' lang='lat'><strong>3—5.</strong></span> <span class='ocrx_word' id='word_1_274' title='bbox 255 2089 422 2132; x_wconf 66' lang='lat' dir='ltr'>Haliart„</span> <span class='ocrx_word' id='word_1_275' title='bbox 448 2100 476 2122; x_wconf 91' lang='lat' dir='ltr'>c.</span> <span class='ocrx_word' id='word_1_276' title='bbox 493 2091 553 2127; x_wconf 84' lang='lat'>56;</span> <span class='ocrx_word' id='word_1_277' title='bbox 579 2088 770 2132; x_wconf 86' lang='lat' dir='ltr'>darinliegt</span> 
     </span>
     <span class='ocr_line' id='line_1_40' title="bbox 79 2133 769 2175; baseline 0 -9"><span class='ocrx_word' id='word_1_278' title='bbox 79 2133 140 2167; x_wconf 86' lang='lat' dir='ltr'>das</span> <span class='ocrx_word' id='word_1_279' title='bbox 153 2134 248 2175; x_wconf 89' lang='lat' dir='ltr'>Subj.</span> <span class='ocrx_word' id='word_1_280' title='bbox 262 2145 304 2167; x_wconf 89' lang='lat' dir='ltr'>zu</span> <span class='ocrx_word' id='word_1_281' title='bbox 322 2136 509 2168; x_wconf 78' lang='lat' dir='ltr'>habebant.</span> <span class='ocrx_word' id='word_1_282' title='bbox 536 2154 580 2159; x_wconf 91' lang='lat'>—</span> <span class='ocrx_word' id='word_1_283' title='bbox 593 2134 769 2167; x_wconf 79' lang='lat' dir='ltr'>Coronae-</span> 
     </span>
     <span class='ocr_line' id='line_1_41' title="bbox 81 2180 769 2221; baseline 0 -9"><span class='ocrx_word' id='word_1_284' title='bbox 81 2190 146 2221; x_wconf 83' lang='lat' dir='ltr'>or.‚</span> <span class='ocrx_word' id='word_1_285' title='bbox 171 2182 321 2221; x_wconf 77' lang='lat' dir='ltr'>e.4e,9;</span> <span class='ocrx_word' id='word_1_286' title='bbox 348 2181 403 2214; x_wconf 90' lang='lat' dir='ltr'>die</span> <span class='ocrx_word' id='word_1_287' title='bbox 428 2181 479 2214; x_wconf 89' lang='lat' dir='ltr'>hs.</span> <span class='ocrx_word' id='word_1_288' title='bbox 506 2181 603 2214; x_wconf 89' lang='lat' dir='ltr'>Form</span> <span class='ocrx_word' id='word_1_289' title='bbox 622 2180 769 2213; x_wconf 80' lang='lat' dir='ltr'>Coroni-</span> 
     </span>
     <span class='ocr_line' id='line_1_42' title="bbox 80 2226 767 2272; baseline 0.001 -14"><span class='ocrx_word' id='word_1_290' title='bbox 80 2229 198 2259; x_wconf 69' lang='grc' dir='ltr'>ίαν-τινι</span> <span class='ocrx_word' id='word_1_291' title='bbox 223 2228 317 2260; x_wconf 67' lang='lat' dir='ltr'>ware</span> <span class='ocrx_word' id='word_1_292' title='bbox 350 2227 460 2260; x_wconf 88' lang='lat' dir='ltr'>neben</span> <span class='ocrx_word' id='word_1_293' title='bbox 486 2228 670 2272; x_wconf 64' lang='grc' dir='ltr'>Κορωνεῖς</span> <span class='ocrx_word' id='word_1_294' title='bbox 694 2226 767 2259; x_wconf 88' lang='lat' dir='ltr'>Pol.</span> 
     </span>
     <span class='ocr_line' id='line_1_43' title="bbox 77 2273 766 2316; baseline 0.003 -12"><span class='ocrx_word' id='word_1_295' title='bbox 77 2273 134 2315; x_wconf 81' lang='lat'>27,</span> <span class='ocrx_word' id='word_1_296' title='bbox 163 2274 180 2306; x_wconf 92' lang='grc'>1</span> <span class='ocrx_word' id='word_1_297' title='bbox 205 2273 494 2316; x_wconf 72' lang='lat' dir='ltr'>ungewohnlich,</span> <span class='ocrx_word' id='word_1_298' title='bbox 519 2273 587 2316; x_wconf 79' lang='lat' dir='ltr'><strong>vgl.</strong></span> <span class='ocrx_word' id='word_1_299' title='bbox 603 2284 630 2306; x_wconf 91' lang='lat' dir='ltr'>c.</span> <span class='ocrx_word' id='word_1_300' title='bbox 646 2275 701 2314; x_wconf 85' lang='grc'>44,</span> <span class='ocrx_word' id='word_1_301' title='bbox 727 2275 766 2309; x_wconf 81' lang='grc'>4;</span> 
     </span>
     <span class='ocr_line' id='line_1_44' title="bbox 78 2318 769 2362; baseline 0 -11"><span class='ocrx_word' id='word_1_302' title='bbox 78 2319 201 2358; x_wconf 87' lang='grc'>67,12.</span> <span class='ocrx_word' id='word_1_303' title='bbox 227 2322 426 2362; x_wconf 71' lang='grc' dir='ltr'>-,ρνι“ηια,</span> <span class='ocrx_word' id='word_1_304' title='bbox 446 2319 491 2352; x_wconf 88' lang='lat' dir='ltr'>im</span> <span class='ocrx_word' id='word_1_305' title='bbox 505 2319 651 2362; x_wconf 83' lang='lat' dir='ltr'>Anfang,</span> <span class='ocrx_word' id='word_1_306' title='bbox 677 2318 769 2351; x_wconf 88' lang='lat' dir='ltr'>nicht</span> 
     </span>
     <span class='ocr_line' id='line_1_45' title="bbox 76 2363 763 2408; baseline 0.001 -12"><span class='ocrx_word' id='word_1_307' title='bbox 76 2363 132 2397; x_wconf 86' lang='lat' dir='ltr'>bei</span> <span class='ocrx_word' id='word_1_308' title='bbox 145 2363 204 2397; x_wconf 87' lang='lat' dir='ltr'>der</span> <span class='ocrx_word' id='word_1_309' title='bbox 220 2364 376 2398; x_wconf 73' lang='lat' dir='ltr'>scoberen</span> <span class='ocrx_word' id='word_1_310' title='bbox 390 2365 616 2408; x_wconf 79' lang='lat' dir='ltr'>Belagerung,</span> <span class='ocrx_word' id='word_1_311' title='bbox 629 2366 763 2407; x_wconf 80' lang='lat' dir='ltr'>priore.</span> 
     </span>
     <span class='ocr_line' id='line_1_46' title="bbox 76 2410 763 2455; baseline 0 -13"><span class='ocrx_word' id='word_1_312' title='bbox 76 2429 121 2433; x_wconf 94' lang='lat'>—</span> <span class='ocrx_word' id='word_1_313' title='bbox 146 2412 219 2454; x_wconf 82' lang='lat' dir='ltr'>ipsi</span> <span class='ocrx_word' id='word_1_314' title='bbox 241 2421 298 2444; x_wconf 89' lang='lat' dir='ltr'>um</span> <span class='ocrx_word' id='word_1_315' title='bbox 330 2410 396 2445; x_wconf 89' lang='lat' dir='ltr'>den</span> <span class='ocrx_word' id='word_1_316' title='bbox 421 2411 611 2455; x_wconf 83' lang='lat' dir='ltr'>Gegensatz</span> <span class='ocrx_word' id='word_1_317' title='bbox 637 2421 677 2443; x_wconf 87' lang='lat' dir='ltr'>zu</span> <span class='ocrx_word' id='word_1_318' title='bbox 704 2421 763 2442; x_wconf 55' lang='lat' dir='ltr'>eal·-</span> 
     </span>
     <span class='ocr_line' id='line_1_47' title="bbox 77 2456 765 2498; baseline 0.001 -10"><span class='ocrx_word' id='word_1_319' title='bbox 77 2459 180 2488; x_wconf 81' lang='lat' dir='ltr'>terna</span> <span class='ocrx_word' id='word_1_320' title='bbox 211 2467 253 2489; x_wconf 90' lang='lat' dir='ltr'>zu</span> <span class='ocrx_word' id='word_1_321' title='bbox 285 2456 451 2490; x_wconf 74' lang='lat' dir='ltr'>scharfen.</span> <span class='ocrx_word' id='word_1_322' title='bbox 486 2477 531 2481; x_wconf 90' lang='lat'>—</span> <span class='ocrx_word' id='word_1_323' title='bbox 556 2467 671 2498; x_wconf 79' lang='lat' dir='ltr'>nunc,</span> <span class='ocrx_word' id='word_1_324' title='bbox 705 2456 765 2490; x_wconf 85' lang='lat' dir='ltr'>das</span> 
     </span>
     <span class='ocr_line' id='line_1_48' title="bbox 76 2501 765 2547; baseline 0.003 -13"><span class='ocrx_word' id='word_1_325' title='bbox 76 2501 308 2546; x_wconf 82' lang='lat' dir='ltr'>ausgesallene</span> <span class='ocrx_word' id='word_1_326' title='bbox 340 2502 513 2547; x_wconf 87' lang='lat' dir='ltr'>Satzglied</span> <span class='ocrx_word' id='word_1_327' title='bbox 549 2503 640 2536; x_wconf 90' lang='lat' dir='ltr'>kann</span> <span class='ocrx_word' id='word_1_328' title='bbox 679 2502 765 2536; x_wconf 87' lang='lat' dir='ltr'>nach</span> 
     </span>
     <span class='ocr_line' id='line_1_49' title="bbox 75 2548 765 2592; baseline -0.001 -11"><span class='ocrx_word' id='word_1_329' title='bbox 75 2549 135 2589; x_wconf 86' lang='lat'>36,</span> <span class='ocrx_word' id='word_1_330' title='bbox 160 2549 213 2587; x_wconf 87' lang='lat'>23,</span> <span class='ocrx_word' id='word_1_331' title='bbox 240 2550 260 2582; x_wconf 83' lang='lat'><strong>2</strong></span> <span class='ocrx_word' id='word_1_332' title='bbox 295 2548 377 2582; x_wconf 90' lang='lat' dir='ltr'>oder</span> <span class='ocrx_word' id='word_1_333' title='bbox 411 2551 466 2591; x_wconf 83' lang='lat'>38,</span> <span class='ocrx_word' id='word_1_334' title='bbox 498 2553 538 2591; x_wconf 85' lang='lat'>5,</span> <span class='ocrx_word' id='word_1_335' title='bbox 571 2553 591 2583; x_wconf 80' lang='grc'>4</span> <span class='ocrx_word' id='word_1_336' title='bbox 625 2549 765 2592; x_wconf 72' lang='lat' dir='ltr'>erganzt</span> 
     </span>
     <span class='ocr_line' id='line_1_50' title="bbox 75 2594 764 2638; baseline 0 -11"><span class='ocrx_word' id='word_1_337' title='bbox 75 2594 224 2628; x_wconf 86' lang='lat' dir='ltr'>werden.</span> <span class='ocrx_word' id='word_1_338' title='bbox 250 2614 294 2620; x_wconf 94' lang='lat'><strong>—</strong></span> <span class='ocrx_word' id='word_1_339' title='bbox 319 2598 453 2638; x_wconf 80' lang='lat' dir='ltr'>raptim</span> <span class='ocrx_word' id='word_1_340' title='bbox 477 2595 544 2629; x_wconf 85' lang='lat' dir='ltr'>soll</span> <span class='ocrx_word' id='word_1_341' title='bbox 570 2594 764 2628; x_wconf 80' lang='lat' dir='ltr'>tumultua-</span> 
     </span>
    </p>
   </div>
   <div class='ocr_carea' id='block_1_6' title="bbox 835 1352 1539 2640">
    <p class='ocr_par' dir='ltr' id='par_1_8' title="bbox 843 1352 1539 1904">
     <span class='ocr_line' id='line_1_51' title="bbox 848 1352 1539 1397; baseline 0.003 -12"><span class='ocrx_word' id='word_1_342' title='bbox 848 1356 904 1385; x_wconf 77' lang='lat' dir='ltr'>rio</span> <span class='ocrx_word' id='word_1_343' title='bbox 932 1352 1019 1386; x_wconf 80' lang='lat' dir='ltr'>noch</span> <span class='ocrx_word' id='word_1_344' title='bbox 1045 1353 1206 1396; x_wconf 81' lang='lat' dir='ltr'>steigern.</span> <span class='ocrx_word' id='word_1_345' title='bbox 1239 1373 1284 1377; x_wconf 88' lang='lat'>——</span> <span class='ocrx_word' id='word_1_346' title='bbox 1309 1356 1440 1386; x_wconf 80' lang='lat' dir='ltr'>ruinae</span> <span class='ocrx_word' id='word_1_347' title='bbox 1463 1358 1539 1397; x_wconf 56' lang='lat' dir='ltr'>stru,</span> 
     </span>
     <span class='ocr_line' id='line_1_52' title="bbox 847 1398 1538 1434; baseline 0.004 -3"><span class='ocrx_word' id='word_1_348' title='bbox 847 1398 901 1432; x_wconf 89' lang='lat' dir='ltr'>die</span> <span class='ocrx_word' id='word_1_349' title='bbox 930 1399 1018 1433; x_wconf 86' lang='lat' dir='ltr'>beim</span> <span class='ocrx_word' id='word_1_350' title='bbox 1044 1399 1200 1433; x_wconf 87' lang='lat' dir='ltr'>Einsturz</span> <span class='ocrx_word' id='word_1_351' title='bbox 1227 1399 1286 1432; x_wconf 91' lang='lat' dir='ltr'>der</span> <span class='ocrx_word' id='word_1_352' title='bbox 1299 1399 1416 1433; x_wconf 77' lang='lat' dir='ltr'>Mauer</span> <span class='ocrx_word' id='word_1_353' title='bbox 1440 1401 1538 1434; x_wconf 86' lang='lat' dir='ltr'>iiber-</span> 
     </span>
     <span class='ocr_line' id='line_1_53' title="bbox 847 1445 1538 1490; baseline 0.004 -13"><span class='ocrx_word' id='word_1_354' title='bbox 847 1445 1200 1488; x_wconf 82' lang='lat' dir='ltr'>einandergefallenen</span> <span class='ocrx_word' id='word_1_355' title='bbox 1217 1446 1285 1479; x_wconf 89' lang='lat' dir='ltr'>und</span> <span class='ocrx_word' id='word_1_356' title='bbox 1301 1457 1339 1479; x_wconf 84' lang='lat' dir='ltr'>so</span> <span class='ocrx_word' id='word_1_357' title='bbox 1355 1447 1395 1479; x_wconf 87' lang='lat' dir='ltr'>da</span> <span class='ocrx_word' id='word_1_358' title='bbox 1411 1447 1538 1490; x_wconf 82' lang='lat' dir='ltr'>liegen-</span> 
     </span>
     <span class='ocr_line' id='line_1_54' title="bbox 846 1491 1538 1536; baseline 0.001 -12"><span class='ocrx_word' id='word_1_359' title='bbox 846 1491 910 1524; x_wconf 90' lang='lat' dir='ltr'>den</span> <span class='ocrx_word' id='word_1_360' title='bbox 938 1491 1125 1531; x_wconf 66' lang='lat' dir='ltr'>TrUmmer,</span> <span class='ocrx_word' id='word_1_361' title='bbox 1151 1492 1220 1535; x_wconf 79' lang='lat' dir='ltr'><strong>vgl.</strong></span> <span class='ocrx_word' id='word_1_362' title='bbox 1249 1494 1303 1534; x_wconf 84' lang='grc'>37,</span> <span class='ocrx_word' id='word_1_363' title='bbox 1329 1494 1382 1529; x_wconf 79' lang='grc'>32,</span> <span class='ocrx_word' id='word_1_364' title='bbox 1408 1495 1447 1526; x_wconf 80' lang='lat'>4:</span> <span class='ocrx_word' id='word_1_365' title='bbox 1471 1504 1538 1536; x_wconf 79' lang='lat' dir='ltr'>per</span> 
     </span>
     <span class='ocr_line' id='line_1_55' title="bbox 846 1540 1537 1580; baseline 0.003 -11"><span class='ocrx_word' id='word_1_366' title='bbox 846 1541 959 1580; x_wconf 74' lang='lat' dir='ltr'>ipsam</span> <span class='ocrx_word' id='word_1_367' title='bbox 985 1542 1142 1580; x_wconf 67' lang='lat' dir='ltr'>sir-egem</span> <span class='ocrx_word' id='word_1_368' title='bbox 1170 1541 1383 1579; x_wconf 71' lang='lat' dir='ltr'>rusnammz,·</span> <span class='ocrx_word' id='word_1_369' title='bbox 1410 1540 1464 1579; x_wconf 78' lang='lat'>31,</span> <span class='ocrx_word' id='word_1_370' title='bbox 1486 1541 1537 1576; x_wconf 84' lang='grc'>17,</span> 
     </span>
     <span class='ocr_line' id='line_1_56' title="bbox 848 1585 1538 1626; baseline 0.001 -9"><span class='ocrx_word' id='word_1_371' title='bbox 848 1586 883 1621; x_wconf 84' lang='grc'>1;</span> <span class='ocrx_word' id='word_1_372' title='bbox 912 1585 966 1624; x_wconf 91' lang='grc'>21,</span> <span class='ocrx_word' id='word_1_373' title='bbox 993 1585 1024 1622; x_wconf 74' lang='grc'>8,</span> <span class='ocrx_word' id='word_1_374' title='bbox 1050 1587 1081 1617; x_wconf 90' lang='grc'>6.</span> <span class='ocrx_word' id='word_1_375' title='bbox 1112 1603 1156 1608; x_wconf 87' lang='grc'>--</span> <span class='ocrx_word' id='word_1_376' title='bbox 1191 1585 1358 1626; x_wconf 71' lang='lat' dir='ltr'>oper-ibus</span> <span class='ocrx_word' id='word_1_377' title='bbox 1390 1586 1538 1618; x_wconf 74' lang='lat' dir='ltr'>vestrate</span> 
     </span>
     <span class='ocr_line' id='line_1_57' title="bbox 844 1629 1537 1664; baseline 0.003 -2"><span class='ocrx_word' id='word_1_378' title='bbox 844 1629 908 1663; x_wconf 87' lang='lat' dir='ltr'>den</span> <span class='ocrx_word' id='word_1_379' title='bbox 929 1629 1131 1663; x_wconf 87' lang='lat' dir='ltr'>Gedanken:</span> <span class='ocrx_word' id='word_1_380' title='bbox 1159 1640 1259 1663; x_wconf 80' lang='lat' dir='ltr'>wenn</span> <span class='ocrx_word' id='word_1_381' title='bbox 1280 1630 1328 1664; x_wconf 84' lang='lat' dir='ltr'>sie</span> <span class='ocrx_word' id='word_1_382' title='bbox 1354 1630 1459 1664; x_wconf 84' lang='lat' dir='ltr'>durch</span> <span class='ocrx_word' id='word_1_383' title='bbox 1473 1631 1537 1664; x_wconf 90' lang='lat' dir='ltr'>Be-</span> 
     </span>
     <span class='ocr_line' id='line_1_58' title="bbox 843 1675 1536 1719; baseline 0.004 -11"><span class='ocrx_word' id='word_1_384' title='bbox 843 1675 1144 1719; x_wconf 81' lang='lat' dir='ltr'>lagerungswerke</span> <span class='ocrx_word' id='word_1_385' title='bbox 1191 1676 1366 1710; x_wconf 83' lang='lat' dir='ltr'>betrieben</span> <span class='ocrx_word' id='word_1_386' title='bbox 1405 1677 1536 1716; x_wconf 81' lang='lat' dir='ltr'>wfirde;</span> 
     </span>
     <span class='ocr_line' id='line_1_59' title="bbox 845 1721 1537 1766; baseline 0.003 -12"><span class='ocrx_word' id='word_1_387' title='bbox 845 1721 932 1754; x_wconf 89' lang='lat' dir='ltr'>doch</span> <span class='ocrx_word' id='word_1_388' title='bbox 968 1722 1011 1755; x_wconf 88' lang='lat' dir='ltr'>ist</span> <span class='ocrx_word' id='word_1_389' title='bbox 1050 1721 1140 1755; x_wconf 76' lang='lat' dir='ltr'>viell.</span> <span class='ocrx_word' id='word_1_390' title='bbox 1173 1722 1260 1755; x_wconf 87' lang='lat' dir='ltr'>noch</span> <span class='ocrx_word' id='word_1_391' title='bbox 1287 1722 1382 1756; x_wconf 87' lang='lat' dir='ltr'>mehr</span> <span class='ocrx_word' id='word_1_392' title='bbox 1415 1733 1537 1766; x_wconf 80' lang='lat' dir='ltr'>ausge-</span> 
     </span>
     <span class='ocr_line' id='line_1_60' title="bbox 844 1767 1536 1811; baseline 0.006 -11"><span class='ocrx_word' id='word_1_393' title='bbox 844 1767 956 1801; x_wconf 83' lang='lat' dir='ltr'>fallen.</span> <span class='ocrx_word' id='word_1_394' title='bbox 992 1787 1035 1792; x_wconf 93' lang='lat'><em>—</em></span> <span class='ocrx_word' id='word_1_395' title='bbox 1061 1769 1147 1800; x_wconf 82' lang='lat' dir='ltr'>scal.</span> <span class='ocrx_word' id='word_1_396' title='bbox 1173 1779 1238 1811; x_wconf 79' lang='lat' dir='ltr'>per</span> <span class='ocrx_word' id='word_1_397' title='bbox 1263 1780 1319 1810; x_wconf 87' lang='lat' dir='ltr'>m.,</span> <span class='ocrx_word' id='word_1_398' title='bbox 1346 1779 1371 1801; x_wconf 88' lang='lat' dir='ltr'>s.</span> <span class='ocrx_word' id='word_1_399' title='bbox 1399 1771 1453 1809; x_wconf 73' lang='grc'>28,</span> <span class='ocrx_word' id='word_1_400' title='bbox 1484 1771 1536 1811; x_wconf 86' lang='grc'>19,</span> 
     </span>
     <span class='ocr_line' id='line_1_61' title="bbox 844 1814 1535 1857; baseline 0.001 -10"><span class='ocrx_word' id='word_1_401' title='bbox 844 1816 875 1847; x_wconf 81' lang='grc'>9.</span> <span class='ocrx_word' id='word_1_402' title='bbox 901 1834 945 1837; x_wconf 87' lang='grc'>-</span> <span class='ocrx_word' id='word_1_403' title='bbox 971 1814 1119 1855; x_wconf 77' lang='lat' dir='ltr'>suffeet..</span> <span class='ocrx_word' id='word_1_404' title='bbox 1153 1824 1181 1847; x_wconf 86' lang='lat' dir='ltr'>c.</span> <span class='ocrx_word' id='word_1_405' title='bbox 1210 1817 1264 1851; x_wconf 79' lang='lat'>54,</span> <span class='ocrx_word' id='word_1_406' title='bbox 1291 1817 1321 1848; x_wconf 89' lang='grc'>3.</span> <span class='ocrx_word' id='word_1_407' title='bbox 1347 1833 1391 1839; x_wconf 86' lang='grc'><strong>-</strong></span> <span class='ocrx_word' id='word_1_408' title='bbox 1416 1816 1535 1857; x_wconf 78' lang='lat' dir='ltr'>palus,</span> 
     </span>
     <span class='ocr_line' id='line_1_62' title="bbox 845 1858 1535 1904; baseline 0.004 -12"><span class='ocrx_word' id='word_1_409' title='bbox 845 1860 919 1893; x_wconf 87' lang='lat' dir='ltr'>eine</span> <span class='ocrx_word' id='word_1_410' title='bbox 933 1858 1102 1904; x_wconf 82' lang='lat' dir='ltr'>sumpfige</span> <span class='ocrx_word' id='word_1_411' title='bbox 1116 1859 1221 1893; x_wconf 87' lang='lat' dir='ltr'>Stelle</span> <span class='ocrx_word' id='word_1_412' title='bbox 1244 1861 1303 1893; x_wconf 81' lang='lat' dir='ltr'>des</span> <span class='ocrx_word' id='word_1_413' title='bbox 1316 1860 1535 1904; x_wconf 81' lang='lat' dir='ltr'>Kopaissees.</span> 
     </span>
    </p>

    <p class='ocr_par' dir='ltr' id='par_1_9' title="bbox 835 1906 1536 2640">
     <span class='ocr_line' id='line_1_63' title="bbox 891 1906 1534 1949; baseline 0.003 -11"><span class='ocrx_word' id='word_1_414' title='bbox 891 1908 991 1941; x_wconf 79' lang='lat'><strong>6—9.</strong></span> <span class='ocrx_word' id='word_1_415' title='bbox 1017 1906 1151 1947; x_wconf 78' lang='lat' dir='ltr'>fuerat,</span> <span class='ocrx_word' id='word_1_416' title='bbox 1177 1907 1219 1939; x_wconf 90' lang='lat' dir='ltr'>ob</span> <span class='ocrx_word' id='word_1_417' title='bbox 1235 1907 1383 1939; x_wconf 87' lang='lat' dir='ltr'>darnach</span> <span class='ocrx_word' id='word_1_418' title='bbox 1398 1912 1534 1949; x_wconf 73' lang='lat' dir='ltr'>ruerat,</span> 
     </span>
     <span class='ocr_line' id='line_1_64' title="bbox 844 1953 1536 1995; baseline 0 -10"><span class='ocrx_word' id='word_1_419' title='bbox 844 1953 897 1994; x_wconf 88' lang='grc'>21,</span> <span class='ocrx_word' id='word_1_420' title='bbox 928 1954 978 1991; x_wconf 90' lang='grc'>11,</span> <span class='ocrx_word' id='word_1_421' title='bbox 1005 1954 1043 1990; x_wconf 83' lang='grc'>9;</span> <span class='ocrx_word' id='word_1_422' title='bbox 1083 1954 1136 1990; x_wconf 86' lang='grc'>33,</span> <span class='ocrx_word' id='word_1_423' title='bbox 1168 1955 1219 1993; x_wconf 89' lang='grc'>17,</span> <span class='ocrx_word' id='word_1_424' title='bbox 1253 1954 1291 1990; x_wconf 85' lang='grc'>9;</span> <span class='ocrx_word' id='word_1_425' title='bbox 1324 1954 1536 1995; x_wconf 71' lang='lat' dir='ltr'>prociderat</span> 
     </span>
     <span class='ocr_line' id='line_1_65' title="bbox 843 1998 1532 2040; baseline 0.003 -9"><span class='ocrx_word' id='word_1_426' title='bbox 843 2000 906 2040; x_wconf 84' lang='lat'>21,</span> <span class='ocrx_word' id='word_1_427' title='bbox 932 2000 972 2037; x_wconf 73' lang='lat' dir='ltr'>S,</span> <span class='ocrx_word' id='word_1_428' title='bbox 999 2001 1035 2035; x_wconf 81' lang='lat'>5;</span> <span class='ocrx_word' id='word_1_429' title='bbox 1071 1998 1116 2031; x_wconf 89' lang='lat' dir='ltr'>ib.</span> <span class='ocrx_word' id='word_1_430' title='bbox 1147 2001 1203 2036; x_wconf 82' lang='grc'>14,</span> <span class='ocrx_word' id='word_1_431' title='bbox 1231 2000 1264 2036; x_wconf 90' lang='grc'>2;</span> <span class='ocrx_word' id='word_1_432' title='bbox 1292 2001 1355 2039; x_wconf 85' lang='grc'>31,</span> <span class='ocrx_word' id='word_1_433' title='bbox 1381 2001 1532 2040; x_wconf 83' lang='grc'>46,15;</span> 
     </span>
     <span class='ocr_line' id='line_1_66' title="bbox 842 2046 1533 2087; baseline 0.004 -11"><span class='ocrx_word' id='word_1_434' title='bbox 842 2048 1051 2084; x_wconf 61' lang='grc' dir='ltr'>οοννηειτιίς</span> <span class='ocrx_word' id='word_1_435' title='bbox 1075 2048 1266 2087; x_wconf 74' lang='grc' dir='ltr'>ριόι·ιιίιιηι</span> <span class='ocrx_word' id='word_1_436' title='bbox 1294 2049 1380 2083; x_wconf 77' lang='lat' dir='ltr'>erat,</span> <span class='ocrx_word' id='word_1_437' title='bbox 1408 2046 1462 2084; x_wconf 85' lang='grc'>32,</span> <span class='ocrx_word' id='word_1_438' title='bbox 1478 2047 1533 2085; x_wconf 84' lang='grc'>24,</span> 
     </span>
     <span class='ocr_line' id='line_1_67' title="bbox 841 2090 1530 2133; baseline 0.001 -10"><span class='ocrx_word' id='word_1_439' title='bbox 841 2092 859 2123; x_wconf 88' lang='lat'><strong>3</strong></span> <span class='ocrx_word' id='word_1_440' title='bbox 897 2090 964 2133; x_wconf 77' lang='lat' dir='ltr'>vgl.</span> <span class='ocrx_word' id='word_1_441' title='bbox 994 2092 1048 2128; x_wconf 88' lang='grc'>34,</span> <span class='ocrx_word' id='word_1_442' title='bbox 1076 2091 1129 2127; x_wconf 83' lang='grc'>29,</span> <span class='ocrx_word' id='word_1_443' title='bbox 1157 2092 1188 2131; x_wconf 91' lang='grc'>6,</span> <span class='ocrx_word' id='word_1_444' title='bbox 1224 2090 1435 2133; x_wconf 83' lang='lat' dir='ltr'>ausgefallen</span> <span class='ocrx_word' id='word_1_445' title='bbox 1471 2092 1530 2129; x_wconf 88' lang='lat' dir='ltr'>sei,</span> 
     </span>
     <span class='ocr_line' id='line_1_68' title="bbox 839 2135 1530 2175; baseline 0.003 -7"><span class='ocrx_word' id='word_1_446' title='bbox 839 2136 924 2169; x_wconf 71' lang='lat' dir='ltr'>lasst</span> <span class='ocrx_word' id='word_1_447' title='bbox 944 2135 1014 2168; x_wconf 88' lang='lat' dir='ltr'>sich</span> <span class='ocrx_word' id='word_1_448' title='bbox 1040 2136 1133 2168; x_wconf 89' lang='lat' dir='ltr'>nicht</span> <span class='ocrx_word' id='word_1_449' title='bbox 1160 2136 1376 2175; x_wconf 80' lang='lat' dir='ltr'>bestimmen3</span> <span class='ocrx_word' id='word_1_450' title='bbox 1404 2137 1486 2170; x_wconf 76' lang='lat' dir='ltr'>siber</span> <span class='ocrx_word' id='word_1_451' title='bbox 1511 2139 1530 2170; x_wconf 90' lang='grc'>2</span> 
     </span>
     <span class='ocr_line' id='line_1_69' title="bbox 838 2181 1531 2225; baseline 0.003 -11"><span class='ocrx_word' id='word_1_452' title='bbox 838 2181 1006 2225; x_wconf 81' lang='lat' dir='ltr'>plusqprf.</span> <span class='ocrx_word' id='word_1_453' title='bbox 1042 2193 1068 2216; x_wconf 86' lang='lat' dir='ltr'>s.</span> <span class='ocrx_word' id='word_1_454' title='bbox 1094 2184 1149 2222; x_wconf 85' lang='grc'>40,</span> <span class='ocrx_word' id='word_1_455' title='bbox 1174 2185 1206 2218; x_wconf 83' lang='grc'>5,</span> <span class='ocrx_word' id='word_1_456' title='bbox 1235 2185 1291 2219; x_wconf 86' lang='grc'>10;</span> <span class='ocrx_word' id='word_1_457' title='bbox 1327 2182 1414 2215; x_wconf 88' lang='lat' dir='ltr'>doch</span> <span class='ocrx_word' id='word_1_458' title='bbox 1442 2186 1531 2216; x_wconf 75' lang='lat' dir='ltr'>ware</span> 
     </span>
     <span class='ocr_line' id='line_1_70' title="bbox 838 2228 1530 2272; baseline 0.003 -12"><span class='ocrx_word' id='word_1_459' title='bbox 838 2228 899 2261; x_wconf 88' lang='lat' dir='ltr'>das</span> <span class='ocrx_word' id='word_1_460' title='bbox 915 2228 1214 2261; x_wconf 87' lang='lat' dir='ltr'>homoeoteleuton</span> <span class='ocrx_word' id='word_1_461' title='bbox 1225 2228 1374 2263; x_wconf 70' lang='lat' dir='ltr'>sterend.</span> <span class='ocrx_word' id='word_1_462' title='bbox 1391 2248 1432 2252; x_wconf 87' lang='lat'><strong>—</strong></span> <span class='ocrx_word' id='word_1_463' title='bbox 1446 2232 1530 2272; x_wconf 77' lang='lat' dir='ltr'>ipse.</span> 
     </span>
     <span class='ocr_line' id='line_1_71' title="bbox 838 2273 1530 2318; baseline 0.003 -12"><span class='ocrx_word' id='word_1_464' title='bbox 838 2273 996 2316; x_wconf 85' lang='lat' dir='ltr'>obgleich</span> <span class='ocrx_word' id='word_1_465' title='bbox 1045 2284 1081 2307; x_wconf 91' lang='lat' dir='ltr'>es</span> <span class='ocrx_word' id='word_1_466' title='bbox 1123 2284 1431 2318; x_wconf 67' lang='lat' dir='ltr'>vorausgegangen</span> <span class='ocrx_word' id='word_1_467' title='bbox 1474 2275 1530 2315; x_wconf 85' lang='lat' dir='ltr'>ist,</span> 
     </span>
     <span class='ocr_line' id='line_1_72' title="bbox 838 2319 1528 2354; baseline 0.001 -1"><span class='ocrx_word' id='word_1_468' title='bbox 838 2319 931 2353; x_wconf 84' lang='lat' dir='ltr'>stellt</span> <span class='ocrx_word' id='word_1_469' title='bbox 964 2320 1029 2352; x_wconf 90' lang='lat' dir='ltr'>den</span> <span class='ocrx_word' id='word_1_470' title='bbox 1055 2320 1223 2353; x_wconf 77' lang='lat' dir='ltr'>Ansfihrer</span> <span class='ocrx_word' id='word_1_471' title='bbox 1255 2320 1318 2353; x_wconf 87' lang='lat' dir='ltr'>den</span> <span class='ocrx_word' id='word_1_472' title='bbox 1353 2321 1436 2353; x_wconf 83' lang='lat' dir='ltr'>eben</span> <span class='ocrx_word' id='word_1_473' title='bbox 1471 2321 1528 2354; x_wconf 87' lang='lat' dir='ltr'>Er-</span> 
     </span>
     <span class='ocr_line' id='line_1_73' title="bbox 838 2366 1528 2410; baseline 0.003 -12"><span class='ocrx_word' id='word_1_474' title='bbox 838 2366 1000 2399; x_wconf 74' lang='lat' dir='ltr'>wahnten</span> <span class='ocrx_word' id='word_1_475' title='bbox 1049 2371 1238 2410; x_wconf 79' lang='lat' dir='ltr'>entgegen;</span> <span class='ocrx_word' id='word_1_476' title='bbox 1289 2366 1381 2400; x_wconf 87' lang='lat' dir='ltr'>diese</span> <span class='ocrx_word' id='word_1_477' title='bbox 1419 2367 1528 2401; x_wconf 86' lang='lat' dir='ltr'>sollen</span> 
     </span>
     <span class='ocr_line' id='line_1_74' title="bbox 836 2412 1528 2456; baseline 0.003 -12"><span class='ocrx_word' id='word_1_478' title='bbox 836 2412 933 2444; x_wconf 91' lang='lat' dir='ltr'>einen</span> <span class='ocrx_word' id='word_1_479' title='bbox 961 2416 1050 2445; x_wconf 84' lang='lat' dir='ltr'>etwa</span> <span class='ocrx_word' id='word_1_480' title='bbox 1075 2412 1134 2445; x_wconf 91' lang='lat' dir='ltr'>frei</span> <span class='ocrx_word' id='word_1_481' title='bbox 1162 2412 1391 2456; x_wconf 79' lang='lat' dir='ltr'>gewordenen</span> <span class='ocrx_word' id='word_1_482' title='bbox 1413 2413 1528 2446; x_wconf 87' lang='lat' dir='ltr'>Punkt</span> 
     </span>
     <span class='ocr_line' id='line_1_75' title="bbox 837 2460 1525 2501; baseline 0.001 -10"><span class='ocrx_word' id='word_1_483' title='bbox 837 2461 1036 2491; x_wconf 79' lang='lat' dir='ltr'>erstfirmen.</span> <span class='ocrx_word' id='word_1_484' title='bbox 1069 2478 1114 2482; x_wconf 97' lang='lat'><strong>—</strong></span> <span class='ocrx_word' id='word_1_485' title='bbox 1139 2463 1241 2492; x_wconf 79' lang='lat' dir='ltr'>serat.</span> <span class='ocrx_word' id='word_1_486' title='bbox 1269 2470 1312 2501; x_wconf 82' lang='lat' dir='ltr'>r.,</span> <span class='ocrx_word' id='word_1_487' title='bbox 1348 2460 1401 2500; x_wconf 84' lang='grc'>21,</span> <span class='ocrx_word' id='word_1_488' title='bbox 1428 2461 1459 2501; x_wconf 78' lang='grc'>8,</span> <span class='ocrx_word' id='word_1_489' title='bbox 1487 2462 1525 2498; x_wconf 86' lang='grc'>7;</span> 
     </span>
     <span class='ocr_line' id='line_1_76' title="bbox 835 2504 1526 2549; baseline 0.004 -13"><span class='ocrx_word' id='word_1_490' title='bbox 835 2504 877 2536; x_wconf 88' lang='lat' dir='ltr'>ib.</span> <span class='ocrx_word' id='word_1_491' title='bbox 911 2506 961 2545; x_wconf 79' lang='lat'>12,</span> <span class='ocrx_word' id='word_1_492' title='bbox 988 2506 1019 2537; x_wconf 89' lang='grc'>2.</span> <span class='ocrx_word' id='word_1_493' title='bbox 1055 2524 1097 2529; x_wconf 87' lang='lat'>——</span> <span class='ocrx_word' id='word_1_494' title='bbox 1123 2504 1214 2543; x_wconf 81' lang='lat' dir='ltr'>fasc.</span> <span class='ocrx_word' id='word_1_495' title='bbox 1242 2516 1295 2537; x_wconf 79' lang='lat' dir='ltr'>ar.</span> <span class='ocrx_word' id='word_1_496' title='bbox 1322 2516 1441 2547; x_wconf 61' lang='lat' dir='ltr'>sarm„</span> <span class='ocrx_word' id='word_1_497' title='bbox 1468 2516 1526 2549; x_wconf 80' lang='lat' dir='ltr'>ge-</span> 
     </span>
     <span class='ocr_line' id='line_1_77' title="bbox 835 2552 1525 2591; baseline 0.003 -9"><span class='ocrx_word' id='word_1_498' title='bbox 835 2560 940 2583; x_wconf 88' lang='lat' dir='ltr'>nauer</span> <span class='ocrx_word' id='word_1_499' title='bbox 965 2552 1019 2591; x_wconf 89' lang='grc'>22,</span> <span class='ocrx_word' id='word_1_500' title='bbox 1041 2553 1090 2591; x_wconf 83' lang='grc'>16,</span> <span class='ocrx_word' id='word_1_501' title='bbox 1105 2553 1141 2582; x_wconf 78' lang='lat' dir='ltr'>T:</span> <span class='ocrx_word' id='word_1_502' title='bbox 1168 2552 1433 2590; x_wconf 77' lang='lat' dir='ltr'>fasces—aridi</span> <span class='ocrx_word' id='word_1_503' title='bbox 1446 2563 1525 2584; x_wconf 79' lang='lat' dir='ltr'>sar-</span> 
     </span>
     <span class='ocr_line' id='line_1_78' title="bbox 835 2596 1524 2640; baseline 0.003 -12"><span class='ocrx_word' id='word_1_504' title='bbox 835 2600 957 2640; x_wconf 80' lang='lat' dir='ltr'>menti,</span> <span class='ocrx_word' id='word_1_505' title='bbox 982 2596 1051 2640; x_wconf 78' lang='lat' dir='ltr'>vgl.</span> <span class='ocrx_word' id='word_1_506' title='bbox 1083 2599 1201 2639; x_wconf 80' lang='lat'>1,1,4.</span> <span class='ocrx_word' id='word_1_507' title='bbox 1227 2615 1272 2621; x_wconf 81' lang='lat'>—-</span> <span class='ocrx_word' id='word_1_508' title='bbox 1298 2607 1433 2630; x_wconf 76' lang='lat' dir='ltr'>nocens.</span> <span class='ocrx_word' id='word_1_509' title='bbox 1449 2609 1524 2630; x_wconf 81' lang='lat' dir='ltr'>eam</span> 
     </span>
    </p>
   </div>
   <div class='ocr_carea' id='block_1_7' title="bbox 1182 2654 1248 2688">
    <p class='ocr_par' dir='ltr' id='par_1_10' title="bbox 1182 2654 1248 2688">
     <span class='ocr_line' id='line_1_79' title="bbox 1182 2654 1248 2688; baseline 0.015 -1"><span class='ocrx_word' id='word_1_510' title='bbox 1182 2654 1248 2688; x_wconf 82' lang='lat'>11*</span> 
     </span>
    </p>
   </div>
  </div>
 </body>
</html>
