<?xml version="1.0" encoding="UTF-8"?>
<!DOCTYPE html PUBLIC "-//W3C//DTD XHTML 1.0 Transitional//EN"
    "http://www.w3.org/TR/xhtml1/DTD/xhtml1-transitional.dtd">
<html xmlns="http://www.w3.org/1999/xhtml" xml:lang="en" lang="en">
 <head>
  <title>
</title>
<meta http-equiv="Content-Type" content="text/html;charset=utf-8" />
  <meta name='ocr-system' content='tesseract 3.04.00' />
  <meta name='ocr-capabilities' content='ocr_page ocr_carea ocr_par ocr_line ocrx_word'/>
</head>
<body>
  <div class='ocr_page' id='page_1' title='image "./aburbeconditalib09livyuoft_0089.png"; bbox 0 0 1779 2893; ppageno 0'>
   <div class='ocr_carea' id='block_1_1' title="bbox 49 130 229 159">
    <p class='ocr_par' dir='ltr' id='par_1_1' title="bbox 49 130 229 159">
     <span class='ocr_line' id='line_1_1' title="bbox 49 130 229 159; baseline -0.017 0"><span class='ocrx_word' id='word_1_1' title='bbox 49 139 75 159; x_wconf 80' lang='lat' dir='ltr'>a.</span> <span class='ocrx_word' id='word_1_2' title='bbox 97 130 148 159; x_wconf 83' lang='lat' dir='ltr'>Ch.</span> <span class='ocrx_word' id='word_1_3' title='bbox 172 130 229 157; x_wconf 77' lang='lat'>154.</span> 
     </span>
    </p>
   </div>
   <div class='ocr_carea' id='block_1_2' title="bbox 508 110 1485 151">
    <p class='ocr_par' dir='ltr' id='par_1_2' title="bbox 508 110 1485 151">
     <span class='ocr_line' id='line_1_2' title="bbox 508 110 1485 151; baseline 0.001 -1"><span class='ocrx_word' id='word_1_4' title='bbox 508 115 636 150; x_wconf 79' lang='lat' dir='ltr'>LIBER</span> <span class='ocrx_word' id='word_1_5' title='bbox 659 115 808 149; x_wconf 76' lang='lat' dir='ltr'>xxxlx.</span> <span class='ocrx_word' id='word_1_6' title='bbox 858 115 951 149; x_wconf 73' lang='lat' dir='ltr'>cAP.</span> <span class='ocrx_word' id='word_1_7' title='bbox 979 118 1033 149; x_wconf 83' lang='lat'>41.</span> <span class='ocrx_word' id='word_1_8' title='bbox 1434 110 1485 151; x_wconf 81' lang='grc'>83</span> 
     </span>
    </p>
   </div>
   <div class='ocr_carea' id='block_1_3' title="bbox 32 230 1544 342">
    <p class='ocr_par' dir='ltr' id='par_1_3' title="bbox 32 230 1544 342">
     <span class='ocr_line' id='line_1_3' title="bbox 32 230 1544 285; baseline -0.005 -9"><span class='ocrx_word' id='word_1_9' title='bbox 32 234 249 285; x_wconf 78' lang='lat' dir='ltr'>judicium.</span> <span class='ocrx_word' id='word_1_10' title='bbox 286 232 415 279; x_wconf 88' lang='lat' dir='ltr'>Hunc,</span> <span class='ocrx_word' id='word_1_11' title='bbox 431 232 534 271; x_wconf 85' lang='lat' dir='ltr'>sicut</span> <span class='ocrx_word' id='word_1_12' title='bbox 550 232 658 271; x_wconf 89' lang='lat' dir='ltr'>omni</span> <span class='ocrx_word' id='word_1_13' title='bbox 673 232 761 281; x_wconf 77' lang='lat' dir='ltr'>vita,</span> <span class='ocrx_word' id='word_1_14' title='bbox 780 238 862 271; x_wconf 90' lang='lat' dir='ltr'>tum</span> <span class='ocrx_word' id='word_1_15' title='bbox 879 236 1134 284; x_wconf 82' lang='lat' dir='ltr'>prensantem</span> <span class='ocrx_word' id='word_1_16' title='bbox 1152 230 1354 282; x_wconf 90' lang='lat' dir='ltr'>premebat</span> <span class='ocrx_word' id='word_1_17' title='bbox 1370 230 1544 279; x_wconf 68' lang='lat' dir='ltr'>nobi-[41</span> 
     </span>
     <span class='ocr_line' id='line_1_4' title="bbox 43 288 1487 342; baseline -0.003 -10"><span class='ocrx_word' id='word_1_18' title='bbox 43 293 150 340; x_wconf 80' lang='lat' dir='ltr'>litas3</span> <span class='ocrx_word' id='word_1_19' title='bbox 184 291 442 342; x_wconf 84' lang='lat' dir='ltr'>coierantque</span> <span class='ocrx_word' id='word_1_20' title='bbox 463 295 620 342; x_wconf 88' lang='lat' dir='ltr'>praeter</span> <span class='ocrx_word' id='word_1_21' title='bbox 650 288 693 328; x_wconf 92' lang='lat' dir='ltr'>L.</span> <span class='ocrx_word' id='word_1_22' title='bbox 716 289 922 336; x_wconf 78' lang='lat' dir='ltr'>Flaccum,</span> <span class='ocrx_word' id='word_1_23' title='bbox 953 289 1019 340; x_wconf 91' lang='lat' dir='ltr'>qui</span> <span class='ocrx_word' id='word_1_24' title='bbox 1044 288 1193 338; x_wconf 82' lang='lat' dir='ltr'>collega</span> <span class='ocrx_word' id='word_1_25' title='bbox 1215 289 1255 327; x_wconf 91' lang='lat' dir='ltr'>in</span> <span class='ocrx_word' id='word_1_26' title='bbox 1279 288 1487 328; x_wconf 80' lang='lat' dir='ltr'>consulatu</span> 
     </span>
    </p>
   </div>
   <div class='ocr_carea' id='block_1_4' title="bbox 43 351 193 396">
    <p class='ocr_par' dir='ltr' id='par_1_4' title="bbox 43 351 193 396">
     <span class='ocr_line' id='line_1_5' title="bbox 43 351 193 396; baseline -0.013 -6"><span class='ocrx_word' id='word_1_27' title='bbox 43 351 170 390; x_wconf 84' lang='lat' dir='ltr'>fuerat</span> <span class='ocrx_word' id='word_1_28' title='bbox 183 380 193 396; x_wconf 91' lang='lat'><strong>‚</strong></span> 
     </span>
    </p>
   </div>
   <div class='ocr_carea' id='block_1_5' title="bbox 239 345 1194 392">
    <p class='ocr_par' dir='ltr' id='par_1_5' title="bbox 239 345 1194 392">
     <span class='ocr_line' id='line_1_6' title="bbox 239 345 1194 392; baseline -0.003 -5"><span class='ocrx_word' id='word_1_29' title='bbox 239 347 433 388; x_wconf 85' lang='lat' dir='ltr'>candidati</span> <span class='ocrx_word' id='word_1_30' title='bbox 479 359 617 386; x_wconf 90' lang='lat' dir='ltr'>omnes</span> <span class='ocrx_word' id='word_1_31' title='bbox 653 346 700 386; x_wconf 92' lang='lat' dir='ltr'>ad</span> <span class='ocrx_word' id='word_1_32' title='bbox 735 346 983 386; x_wconf 88' lang='lat' dir='ltr'>deiciendum</span> <span class='ocrx_word' id='word_1_33' title='bbox 1020 345 1194 392; x_wconf 85' lang='lat' dir='ltr'>honore,</span> 
     </span>
    </p>
   </div>
   <div class='ocr_carea' id='block_1_6' title="bbox 1240 345 1526 385">
    <p class='ocr_par' dir='ltr' id='par_1_6' title="bbox 1240 345 1526 385">
     <span class='ocr_line' id='line_1_7' title="bbox 1240 345 1526 385; baseline 0 -1"><span class='ocrx_word' id='word_1_34' title='bbox 1240 358 1321 384; x_wconf 93' lang='lat' dir='ltr'>non</span> <span class='ocrx_word' id='word_1_35' title='bbox 1358 345 1487 384; x_wconf 90' lang='lat' dir='ltr'>solum</span> <span class='ocrx_word' id='word_1_36' title='bbox 1508 353 1526 385; x_wconf 84' lang='lat'>2</span> 
     </span>
    </p>
   </div>
   <div class='ocr_carea' id='block_1_7' title="bbox 38 402 1530 1146">
    <p class='ocr_par' dir='ltr' id='par_1_7' title="bbox 40 402 1530 916">
     <span class='ocr_line' id='line_1_8' title="bbox 46 402 1488 459; baseline -0.004 -12"><span class='ocrx_word' id='word_1_37' title='bbox 46 413 89 448; x_wconf 85' lang='lat' dir='ltr'>ut</span> <span class='ocrx_word' id='word_1_38' title='bbox 110 406 186 459; x_wconf 89' lang='lat' dir='ltr'>ipsi</span> <span class='ocrx_word' id='word_1_39' title='bbox 207 406 341 458; x_wconf 84' lang='lat' dir='ltr'>potius</span> <span class='ocrx_word' id='word_1_40' title='bbox 362 404 690 456; x_wconf 85' lang='lat' dir='ltr'>adipiscerentur,</span> <span class='ocrx_word' id='word_1_41' title='bbox 714 417 788 444; x_wconf 85' lang='lat' dir='ltr'>nec</span> <span class='ocrx_word' id='word_1_42' title='bbox 809 404 898 456; x_wconf 91' lang='lat' dir='ltr'>quia</span> <span class='ocrx_word' id='word_1_43' title='bbox 921 402 1230 454; x_wconf 80' lang='lat' dir='ltr'>indignabantur</span> <span class='ocrx_word' id='word_1_44' title='bbox 1249 415 1393 442; x_wconf 78' lang='lat' dir='ltr'>novum</span> <span class='ocrx_word' id='word_1_45' title='bbox 1414 403 1488 441; x_wconf 92' lang='lat' dir='ltr'>ho-</span> 
     </span>
     <span class='ocr_line' id='line_1_9' title="bbox 45 461 1488 513; baseline -0.003 -9"><span class='ocrx_word' id='word_1_46' title='bbox 45 465 191 504; x_wconf 90' lang='lat' dir='ltr'>minem</span> <span class='ocrx_word' id='word_1_47' title='bbox 214 474 421 503; x_wconf 86' lang='lat' dir='ltr'>censorem</span> <span class='ocrx_word' id='word_1_48' title='bbox 442 462 596 509; x_wconf 80' lang='lat' dir='ltr'>videre,</span> <span class='ocrx_word' id='word_1_49' title='bbox 620 461 686 500; x_wconf 88' lang='lat' dir='ltr'>sed</span> <span class='ocrx_word' id='word_1_50' title='bbox 710 461 825 500; x_wconf 87' lang='lat' dir='ltr'>etiam</span> <span class='ocrx_word' id='word_1_51' title='bbox 848 461 952 513; x_wconf 87' lang='lat' dir='ltr'>quod</span> <span class='ocrx_word' id='word_1_52' title='bbox 973 461 1125 500; x_wconf 84' lang='lat' dir='ltr'>tristem</span> <span class='ocrx_word' id='word_1_53' title='bbox 1153 472 1358 499; x_wconf 88' lang='lat' dir='ltr'>censuram</span> <span class='ocrx_word' id='word_1_54' title='bbox 1382 461 1488 512; x_wconf 89' lang='lat' dir='ltr'>peri-</span> 
     </span>
     <span class='ocr_line' id='line_1_10' title="bbox 45 517 1487 572; baseline -0.003 -11"><span class='ocrx_word' id='word_1_55' title='bbox 45 521 299 572; x_wconf 86' lang='lat' dir='ltr'>culosamque</span> <span class='ocrx_word' id='word_1_56' title='bbox 319 519 535 559; x_wconf 90' lang='lat' dir='ltr'>multorum</span> <span class='ocrx_word' id='word_1_57' title='bbox 557 519 680 558; x_wconf 84' lang='lat' dir='ltr'>famae</span> <span class='ocrx_word' id='word_1_58' title='bbox 711 525 748 558; x_wconf 85' lang='lat' dir='ltr'>et</span> <span class='ocrx_word' id='word_1_59' title='bbox 777 519 823 558; x_wconf 82' lang='lat' dir='ltr'>al)</span> <span class='ocrx_word' id='word_1_60' title='bbox 854 518 959 558; x_wconf 90' lang='lat' dir='ltr'>laeso</span> <span class='ocrx_word' id='word_1_61' title='bbox 981 531 1000 557; x_wconf 94' lang='lat' dir='ltr'>a</span> <span class='ocrx_word' id='word_1_62' title='bbox 1032 517 1233 570; x_wconf 87' lang='lat' dir='ltr'>plerisque</span> <span class='ocrx_word' id='word_1_63' title='bbox 1255 523 1292 556; x_wconf 88' lang='lat' dir='ltr'>et</span> <span class='ocrx_word' id='word_1_64' title='bbox 1310 517 1487 557; x_wconf 88' lang='lat' dir='ltr'>laedendi</span> 
     </span>
     <span class='ocr_line' id='line_1_11' title="bbox 46 575 1528 631; baseline -0.002 -13"><span class='ocrx_word' id='word_1_65' title='bbox 46 578 188 631; x_wconf 90' lang='lat' dir='ltr'>cupido</span> <span class='ocrx_word' id='word_1_66' title='bbox 206 577 477 630; x_wconf 85' lang='lat' dir='ltr'>expectabant.</span> <span class='ocrx_word' id='word_1_67' title='bbox 500 576 645 616; x_wconf 88' lang='lat' dir='ltr'>etenim</span> <span class='ocrx_word' id='word_1_68' title='bbox 662 582 745 615; x_wconf 89' lang='lat' dir='ltr'>tum</span> <span class='ocrx_word' id='word_1_69' title='bbox 760 588 919 628; x_wconf 90' lang='lat' dir='ltr'>quoque</span> <span class='ocrx_word' id='word_1_70' title='bbox 929 575 1227 615; x_wconf 86' lang='lat' dir='ltr'>minitabundus</span> <span class='ocrx_word' id='word_1_71' title='bbox 1238 575 1406 626; x_wconf 80' lang='lat' dir='ltr'>petebat,</span> <span class='ocrx_word' id='word_1_72' title='bbox 1426 587 1487 614; x_wconf 92' lang='lat' dir='ltr'>re-</span> <span class='ocrx_word' id='word_1_73' title='bbox 1509 583 1528 615; x_wconf 86' lang='lat'>3</span> 
     </span>
     <span class='ocr_line' id='line_1_12' title="bbox 43 632 1487 687; baseline -0.002 -12"><span class='ocrx_word' id='word_1_74' title='bbox 43 635 187 687; x_wconf 84' lang='lat' dir='ltr'>fragari</span> <span class='ocrx_word' id='word_1_75' title='bbox 203 635 290 683; x_wconf 87' lang='lat' dir='ltr'>sibi,</span> <span class='ocrx_word' id='word_1_76' title='bbox 308 634 375 686; x_wconf 90' lang='lat' dir='ltr'>qui</span> <span class='ocrx_word' id='word_1_77' title='bbox 390 634 553 674; x_wconf 85' lang='lat' dir='ltr'>liberam</span> <span class='ocrx_word' id='word_1_78' title='bbox 572 639 611 673; x_wconf 89' lang='lat' dir='ltr'>et</span> <span class='ocrx_word' id='word_1_79' title='bbox 626 634 767 673; x_wconf 88' lang='lat' dir='ltr'>fortem</span> <span class='ocrx_word' id='word_1_80' title='bbox 785 646 993 673; x_wconf 83' lang='lat' dir='ltr'>censuram</span> <span class='ocrx_word' id='word_1_81' title='bbox 1010 633 1209 681; x_wconf 86' lang='lat' dir='ltr'>timerent,</span> <span class='ocrx_word' id='word_1_82' title='bbox 1228 632 1487 673; x_wconf 80' lang='lat' dir='ltr'>criminando,</span> 
     </span>
     <span class='ocr_line' id='line_1_13' title="bbox 42 690 1530 742; baseline -0.001 -9"><span class='ocrx_word' id='word_1_83' title='bbox 42 700 80 734; x_wconf 88' lang='lat' dir='ltr'>et</span> <span class='ocrx_word' id='word_1_84' title='bbox 101 693 218 733; x_wconf 88' lang='lat' dir='ltr'>simul</span> <span class='ocrx_word' id='word_1_85' title='bbox 239 692 282 732; x_wconf 91' lang='lat' dir='ltr'>L.</span> <span class='ocrx_word' id='word_1_86' title='bbox 312 691 465 731; x_wconf 89' lang='lat' dir='ltr'>Valerio</span> <span class='ocrx_word' id='word_1_87' title='bbox 496 690 815 742; x_wconf 82' lang='lat' dir='ltr'>subfragabatur:</span> <span class='ocrx_word' id='word_1_88' title='bbox 849 691 915 730; x_wconf 91' lang='lat' dir='ltr'>illo</span> <span class='ocrx_word' id='word_1_89' title='bbox 948 703 1028 730; x_wconf 91' lang='lat' dir='ltr'>uno</span> <span class='ocrx_word' id='word_1_90' title='bbox 1060 690 1208 741; x_wconf 85' lang='lat' dir='ltr'>collega</span> <span class='ocrx_word' id='word_1_91' title='bbox 1236 690 1425 741; x_wconf 88' lang='lat' dir='ltr'>castigare</span> <span class='ocrx_word' id='word_1_92' title='bbox 1447 703 1488 729; x_wconf 87' lang='lat' dir='ltr'>se</span> <span class='ocrx_word' id='word_1_93' title='bbox 1509 699 1530 731; x_wconf 88' lang='grc'>4</span> 
     </span>
     <span class='ocr_line' id='line_1_14' title="bbox 41 747 1488 801; baseline -0.003 -11"><span class='ocrx_word' id='word_1_94' title='bbox 41 763 140 790; x_wconf 90' lang='lat' dir='ltr'>nova</span> <span class='ocrx_word' id='word_1_95' title='bbox 169 749 313 801; x_wconf 85' lang='lat' dir='ltr'>flagitia</span> <span class='ocrx_word' id='word_1_96' title='bbox 342 757 381 790; x_wconf 86' lang='lat' dir='ltr'>et</span> <span class='ocrx_word' id='word_1_97' title='bbox 402 749 556 801; x_wconf 88' lang='lat' dir='ltr'>priscos</span> <span class='ocrx_word' id='word_1_98' title='bbox 578 761 759 788; x_wconf 80' lang='lat' dir='ltr'>revocare</span> <span class='ocrx_word' id='word_1_99' title='bbox 780 761 911 788; x_wconf 89' lang='lat' dir='ltr'>mores</span> <span class='ocrx_word' id='word_1_100' title='bbox 940 760 1070 800; x_wconf 89' lang='lat' dir='ltr'>posse.</span> <span class='ocrx_word' id='word_1_101' title='bbox 1102 748 1163 786; x_wconf 91' lang='lat' dir='ltr'>his</span> <span class='ocrx_word' id='word_1_102' title='bbox 1183 747 1340 787; x_wconf 87' lang='lat' dir='ltr'>accensi</span> <span class='ocrx_word' id='word_1_103' title='bbox 1359 747 1488 786; x_wconf 91' lang='lat' dir='ltr'>homi-</span> 
     </span>
     <span class='ocr_line' id='line_1_15' title="bbox 40 805 1486 853; baseline -0.002 -5"><span class='ocrx_word' id='word_1_104' title='bbox 40 821 111 848; x_wconf 85' lang='lat' dir='ltr'>nes</span> <span class='ocrx_word' id='word_1_105' title='bbox 132 808 290 847; x_wconf 79' lang='lat' dir='ltr'>adversa</span> <span class='ocrx_word' id='word_1_106' title='bbox 312 807 515 846; x_wconf 82' lang='lat' dir='ltr'>nobilitate</span> <span class='ocrx_word' id='word_1_107' title='bbox 538 819 619 845; x_wconf 89' lang='lat' dir='ltr'>non</span> <span class='ocrx_word' id='word_1_108' title='bbox 640 806 691 845; x_wconf 76' lang='lat' dir='ltr'>M.</span> <span class='ocrx_word' id='word_1_109' title='bbox 715 806 899 845; x_wconf 86' lang='lat' dir='ltr'>Porcium</span> <span class='ocrx_word' id='word_1_110' title='bbox 922 805 1040 845; x_wconf 90' lang='lat' dir='ltr'>modo</span> <span class='ocrx_word' id='word_1_111' title='bbox 1064 817 1269 845; x_wconf 87' lang='lat' dir='ltr'>censorem</span> <span class='ocrx_word' id='word_1_112' title='bbox 1292 805 1486 853; x_wconf 80' lang='lat' dir='ltr'>fecerunt,</span> 
     </span>
     <span class='ocr_line' id='line_1_16' title="bbox 40 863 1133 916; baseline -0.003 -11"><span class='ocrx_word' id='word_1_113' title='bbox 40 865 108 906; x_wconf 89' lang='lat' dir='ltr'>sed</span> <span class='ocrx_word' id='word_1_114' title='bbox 130 864 322 916; x_wconf 86' lang='lat' dir='ltr'>collegam</span> <span class='ocrx_word' id='word_1_115' title='bbox 345 865 379 904; x_wconf 89' lang='lat' dir='ltr'>ei</span> <span class='ocrx_word' id='word_1_116' title='bbox 402 864 442 904; x_wconf 92' lang='lat' dir='ltr'>C.</span> <span class='ocrx_word' id='word_1_117' title='bbox 467 863 663 904; x_wconf 87' lang='lat' dir='ltr'>Valerium</span> <span class='ocrx_word' id='word_1_118' title='bbox 685 863 868 903; x_wconf 88' lang='lat' dir='ltr'>Flaccum</span> <span class='ocrx_word' id='word_1_119' title='bbox 890 863 1133 902; x_wconf 90' lang='lat' dir='ltr'>adiecerunt.</span> 
     </span>
    </p>

    <p class='ocr_par' dir='ltr' id='par_1_8' title="bbox 38 920 1525 1146">
     <span class='ocr_line' id='line_1_17' title="bbox 155 920 1525 972; baseline -0.003 -10"><span class='ocrx_word' id='word_1_120' title='bbox 155 922 383 962; x_wconf 88' lang='lat' dir='ltr'>Secundum</span> <span class='ocrx_word' id='word_1_121' title='bbox 407 921 562 961; x_wconf 87' lang='lat' dir='ltr'>comitia</span> <span class='ocrx_word' id='word_1_122' title='bbox 584 933 795 961; x_wconf 88' lang='lat' dir='ltr'>censorum</span> <span class='ocrx_word' id='word_1_123' title='bbox 817 921 1002 960; x_wconf 91' lang='lat' dir='ltr'>consules</span> <span class='ocrx_word' id='word_1_124' title='bbox 1026 925 1307 972; x_wconf 86' lang='lat' dir='ltr'>praetoresque</span> <span class='ocrx_word' id='word_1_125' title='bbox 1330 920 1369 958; x_wconf 90' lang='lat' dir='ltr'>in</span> <span class='ocrx_word' id='word_1_126' title='bbox 1392 932 1486 970; x_wconf 90' lang='lat' dir='ltr'>pro-</span> <span class='ocrx_word' id='word_1_127' title='bbox 1507 931 1525 962; x_wconf 82' lang='lat'>5</span> 
     </span>
     <span class='ocr_line' id='line_1_18' title="bbox 39 977 1485 1032; baseline -0.002 -13"><span class='ocrx_word' id='word_1_128' title='bbox 39 980 186 1019; x_wconf 87' lang='lat' dir='ltr'>vincias</span> <span class='ocrx_word' id='word_1_129' title='bbox 215 979 385 1031; x_wconf 84' lang='lat' dir='ltr'>profecti</span> <span class='ocrx_word' id='word_1_130' title='bbox 406 984 562 1032; x_wconf 89' lang='lat' dir='ltr'>praeter</span> <span class='ocrx_word' id='word_1_131' title='bbox 583 978 628 1024; x_wconf 86' lang='lat' dir='ltr'>Q.</span> <span class='ocrx_word' id='word_1_132' title='bbox 651 979 861 1025; x_wconf 79' lang='lat' dir='ltr'>Naevium,</span> <span class='ocrx_word' id='word_1_133' title='bbox 892 990 1008 1030; x_wconf 90' lang='lat' dir='ltr'>quem</span> <span class='ocrx_word' id='word_1_134' title='bbox 1041 983 1228 1029; x_wconf 85' lang='lat' dir='ltr'>quattuor</span> <span class='ocrx_word' id='word_1_135' title='bbox 1249 989 1330 1016; x_wconf 91' lang='lat' dir='ltr'>non</span> <span class='ocrx_word' id='word_1_136' title='bbox 1353 977 1485 1016; x_wconf 86' lang='lat' dir='ltr'>minus</span> 
     </span>
     <span class='ocr_line' id='line_1_19' title="bbox 38 1034 1486 1089; baseline -0.003 -12"><span class='ocrx_word' id='word_1_137' title='bbox 38 1050 210 1085; x_wconf 88' lang='lat' dir='ltr'>menses,</span> <span class='ocrx_word' id='word_1_138' title='bbox 234 1037 466 1089; x_wconf 88' lang='lat' dir='ltr'>priusquam</span> <span class='ocrx_word' id='word_1_139' title='bbox 489 1036 528 1075; x_wconf 90' lang='lat' dir='ltr'>in</span> <span class='ocrx_word' id='word_1_140' title='bbox 547 1036 766 1076; x_wconf 86' lang='lat' dir='ltr'>Sardiniam</span> <span class='ocrx_word' id='word_1_141' title='bbox 788 1036 875 1083; x_wconf 83' lang='lat' dir='ltr'>iret,</span> <span class='ocrx_word' id='word_1_142' title='bbox 898 1035 1150 1087; x_wconf 86' lang='lat' dir='ltr'>quaestiones</span> <span class='ocrx_word' id='word_1_143' title='bbox 1176 1034 1367 1082; x_wconf 82' lang='lat' dir='ltr'>veneficii,</span> <span class='ocrx_word' id='word_1_144' title='bbox 1391 1047 1486 1086; x_wconf 86' lang='lat' dir='ltr'>qua-</span> 
     </span>
     <span class='ocr_line' id='line_1_20' title="bbox 38 1091 1486 1146; baseline -0.003 -12"><span class='ocrx_word' id='word_1_145' title='bbox 38 1108 128 1135; x_wconf 84' lang='lat' dir='ltr'>rum</span> <span class='ocrx_word' id='word_1_146' title='bbox 148 1106 331 1146; x_wconf 87' lang='lat' dir='ltr'>magnam</span> <span class='ocrx_word' id='word_1_147' title='bbox 352 1100 505 1146; x_wconf 77' lang='lat' dir='ltr'>partem</span> <span class='ocrx_word' id='word_1_148' title='bbox 528 1099 632 1133; x_wconf 81' lang='lat' dir='ltr'>extra</span> <span class='ocrx_word' id='word_1_149' title='bbox 657 1093 797 1133; x_wconf 90' lang='lat' dir='ltr'>urbem</span> <span class='ocrx_word' id='word_1_150' title='bbox 819 1106 891 1145; x_wconf 87' lang='lat' dir='ltr'>per</span> <span class='ocrx_word' id='word_1_151' title='bbox 912 1092 1129 1144; x_wconf 87' lang='lat' dir='ltr'>municipia</span> <span class='ocrx_word' id='word_1_152' title='bbox 1147 1091 1486 1143; x_wconf 88' lang='lat' dir='ltr'>conciliabulaque</span> 
     </span>
    </p>
   </div>
   <div class='ocr_carea' id='block_1_8' title="bbox 0 1182 731 2649">
    <p class='ocr_par' dir='ltr' id='par_1_9' title="bbox 32 1182 731 1768">
     <span class='ocr_line' id='line_1_21' title="bbox 40 1182 731 1226; baseline -0.006 -8"><span class='ocrx_word' id='word_1_153' title='bbox 40 1186 166 1225; x_wconf 83' lang='grc'>12,17;</span> <span class='ocrx_word' id='word_1_154' title='bbox 186 1186 237 1219; x_wconf 84' lang='lat'>13.</span> <span class='ocrx_word' id='word_1_155' title='bbox 251 1185 293 1217; x_wconf 89' lang='lat'>25</span> <span class='ocrx_word' id='word_1_156' title='bbox 310 1185 391 1226; x_wconf 84' lang='lat'>(24).</span> <span class='ocrx_word' id='word_1_157' title='bbox 409 1186 467 1217; x_wconf 85' lang='lat'>15:</span> <span class='ocrx_word' id='word_1_158' title='bbox 489 1183 573 1216; x_wconf 80' lang='lat' dir='ltr'>Cato</span> <span class='ocrx_word' id='word_1_159' title='bbox 592 1194 637 1215; x_wconf 57' lang='grc' dir='ltr'>επ</span> <span class='ocrx_word' id='word_1_160' title='bbox 654 1182 731 1215; x_wconf 68' lang='lat'><em>07¹1*-</em></span> 
     </span>
     <span class='ocr_line' id='line_1_22' title="bbox 32 1230 730 1273; baseline -0.004 -10"><span class='ocrx_word' id='word_1_161' title='bbox 32 1232 162 1273; x_wconf 81' lang='lat' dir='ltr'>ginnm</span> <span class='ocrx_word' id='word_1_162' title='bbox 176 1230 255 1264; x_wconf 87' lang='lat' dir='ltr'>VII.</span> <span class='ocrx_word' id='word_1_163' title='bbox 273 1232 312 1262; x_wconf 81' lang='lat' dir='ltr'>iu</span> <span class='ocrx_word' id='word_1_164' title='bbox 331 1231 506 1270; x_wconf 73' lang='lat' dir='ltr'>oratione,</span> <span class='ocrx_word' id='word_1_165' title='bbox 525 1239 631 1271; x_wconf 80' lang='lat' dir='ltr'>quam</span> <span class='ocrx_word' id='word_1_166' title='bbox 649 1239 730 1261; x_wconf 79' lang='lat' dir='ltr'>con-</span> 
     </span>
     <span class='ocr_line' id='line_1_23' title="bbox 38 1275 728 1317; baseline -0.003 -8"><span class='ocrx_word' id='word_1_167' title='bbox 38 1280 95 1309; x_wconf 86' lang='lat' dir='ltr'>tra</span> <span class='ocrx_word' id='word_1_168' title='bbox 128 1275 204 1310; x_wconf 85' lang='lat' dir='ltr'>Ser.</span> <span class='ocrx_word' id='word_1_169' title='bbox 233 1275 379 1309; x_wconf 85' lang='lat' dir='ltr'>Galbam</span> <span class='ocrx_word' id='word_1_170' title='bbox 412 1275 522 1316; x_wconf 73' lang='lat' dir='ltr'>discit,</span> <span class='ocrx_word' id='word_1_171' title='bbox 555 1285 580 1307; x_wconf 89' lang='lat' dir='ltr'>s.</span> <span class='ocrx_word' id='word_1_172' title='bbox 615 1275 728 1317; x_wconf 86' lang='lat' dir='ltr'>Lange</span> 
     </span>
     <span class='ocr_line' id='line_1_24' title="bbox 37 1300 727 1365; baseline -0.004 -9"><span class='ocrx_word' id='word_1_173' title='bbox 37 1324 68 1364; x_wconf 84' lang='lat'>2,</span> <span class='ocrx_word' id='word_1_174' title='bbox 91 1324 167 1356; x_wconf 87' lang='grc'>302.</span> <span class='ocrx_word' id='word_1_175' title='bbox 193 1342 238 1346; x_wconf 89' lang='lat'>—</span> <span class='ocrx_word' id='word_1_176' title='bbox 263 1322 367 1365; x_wconf 82' lang='lat' dir='ltr'>adp.</span> <span class='ocrx_word' id='word_1_177' title='bbox 393 1321 474 1354; x_wconf 85' lang='lat' dir='ltr'>add.</span> <span class='ocrx_word' id='word_1_178' title='bbox 513 1300 634 1363; x_wconf 74' lang='lat' dir='ltr'>i&#39;&#39;.,udzc·</span> <span class='ocrx_word' id='word_1_179' title='bbox 658 1321 727 1363; x_wconf 62' lang='lat' dir='ltr'>xgl.</span> 
     </span>
     <span class='ocr_line' id='line_1_25' title="bbox 35 1366 728 1410; baseline -0.003 -9"><span class='ocrx_word' id='word_1_180' title='bbox 35 1367 110 1401; x_wconf 86' lang='lat' dir='ltr'>Val.</span> <span class='ocrx_word' id='word_1_181' title='bbox 128 1367 216 1401; x_wconf 82' lang='lat' dir='ltr'>Max.</span> <span class='ocrx_word' id='word_1_182' title='bbox 236 1369 268 1402; x_wconf 81' lang='lat'>8.</span> <span class='ocrx_word' id='word_1_183' title='bbox 286 1369 314 1403; x_wconf 93' lang='lat'>1.</span> <span class='ocrx_word' id='word_1_184' title='bbox 329 1370 367 1405; x_wconf 84' lang='grc'>2;</span> <span class='ocrx_word' id='word_1_185' title='bbox 392 1367 546 1410; x_wconf 87' lang='lat' dir='ltr'>dagegen</span> <span class='ocrx_word' id='word_1_186' title='bbox 563 1366 621 1399; x_wconf 93' lang='lat' dir='ltr'>hat</span> <span class='ocrx_word' id='word_1_187' title='bbox 639 1367 728 1399; x_wconf 85' lang='lat' dir='ltr'>nach</span> 
     </span>
     <span class='ocr_line' id='line_1_26' title="bbox 36 1404 728 1447; baseline -0.004 0"><span class='ocrx_word' id='word_1_188' title='bbox 36 1413 201 1447; x_wconf 86' lang='lat' dir='ltr'>Periocha</span> <span class='ocrx_word' id='word_1_189' title='bbox 237 1404 338 1446; x_wconf 83' lang='lat' dir='ltr'>XLIX</span> <span class='ocrx_word' id='word_1_190' title='bbox 372 1413 454 1446; x_wconf 84' lang='lat' dir='ltr'>Cato</span> <span class='ocrx_word' id='word_1_191' title='bbox 489 1412 596 1445; x_wconf 88' lang='lat' dir='ltr'>Galba</span> <span class='ocrx_word' id='word_1_192' title='bbox 633 1412 728 1445; x_wconf 81' lang='lat' dir='ltr'>nicht</span> 
     </span>
     <span class='ocr_line' id='line_1_27' title="bbox 36 1458 726 1503; baseline -0.004 -10"><span class='ocrx_word' id='word_1_193' title='bbox 36 1459 240 1503; x_wconf 85' lang='lat' dir='ltr'>angeklagt.</span> <span class='ocrx_word' id='word_1_194' title='bbox 282 1459 428 1493; x_wconf 87' lang='lat' dir='ltr'>sondern</span> <span class='ocrx_word' id='word_1_195' title='bbox 465 1459 519 1492; x_wconf 87' lang='lat' dir='ltr'>die</span> <span class='ocrx_word' id='word_1_196' title='bbox 556 1458 726 1501; x_wconf 85' lang='lat' dir='ltr'>Rogation</span> 
     </span>
     <span class='ocr_line' id='line_1_28' title="bbox 36 1504 731 1539; baseline -0.003 -1"><span class='ocrx_word' id='word_1_197' title='bbox 36 1505 96 1539; x_wconf 87' lang='lat' dir='ltr'>des</span> <span class='ocrx_word' id='word_1_198' title='bbox 122 1504 366 1539; x_wconf 81' lang='lat' dir='ltr'>Volkstribuns</span> <span class='ocrx_word' id='word_1_199' title='bbox 392 1505 426 1538; x_wconf 88' lang='lat' dir='ltr'>L.</span> <span class='ocrx_word' id='word_1_200' title='bbox 446 1504 663 1538; x_wconf 81' lang='lat' dir='ltr'>Scribonius:</span> <span class='ocrx_word' id='word_1_201' title='bbox 690 1508 731 1536; x_wconf 74' lang='lat' dir='ltr'>ut</span> 
     </span>
     <span class='ocr_line' id='line_1_29' title="bbox 35 1549 729 1593; baseline -0.003 -10"><span class='ocrx_word' id='word_1_202' title='bbox 35 1551 203 1584; x_wconf 73' lang='lat' dir='ltr'>Lusitani</span> <span class='ocrx_word' id='word_1_203' title='bbox 239 1553 301 1593; x_wconf 81' lang='lat' dir='ltr'>qui</span> <span class='ocrx_word' id='word_1_204' title='bbox 318 1569 358 1575; x_wconf 89' lang='lat'><strong>—</strong></span> <span class='ocrx_word' id='word_1_205' title='bbox 378 1552 421 1584; x_wconf 79' lang='lat' dir='ltr'>ab</span> <span class='ocrx_word' id='word_1_206' title='bbox 448 1550 522 1583; x_wconf 70' lang='lat' dir='ltr'>Ser.</span> <span class='ocrx_word' id='word_1_207' title='bbox 555 1549 665 1582; x_wconf 82' lang='lat' dir='ltr'>Galba</span> <span class='ocrx_word' id='word_1_208' title='bbox 691 1553 729 1581; x_wconf 79' lang='lat' dir='ltr'>in</span> 
     </span>
     <span class='ocr_line' id='line_1_30' title="bbox 38 1596 727 1637; baseline -0.006 -7"><span class='ocrx_word' id='word_1_209' title='bbox 38 1596 191 1630; x_wconf 84' lang='lat' dir='ltr'>Galliam</span> <span class='ocrx_word' id='word_1_210' title='bbox 228 1601 420 1637; x_wconf 65' lang='lat' dir='ltr'>vem-esent,</span> <span class='ocrx_word' id='word_1_211' title='bbox 459 1599 495 1628; x_wconf 80' lang='lat' dir='ltr'>in</span> <span class='ocrx_word' id='word_1_212' title='bbox 531 1596 727 1627; x_wconf 82' lang='lat' dir='ltr'>libertatem</span> 
     </span>
     <span class='ocr_line' id='line_1_31' title="bbox 33 1643 728 1685; baseline 0 -10"><span class='ocrx_word' id='word_1_213' title='bbox 33 1645 321 1685; x_wconf 80' lang='lat' dir='ltr'>restituerentur,</span> <span class='ocrx_word' id='word_1_214' title='bbox 347 1644 555 1675; x_wconf 75' lang='lat' dir='ltr'>untersti&#39;itzt</span> <span class='ocrx_word' id='word_1_215' title='bbox 579 1643 728 1683; x_wconf 72' lang='lat' dir='ltr'>(suasit),</span> 
     </span>
     <span class='ocr_line' id='line_1_32' title="bbox 34 1686 728 1730; baseline -0.003 -9"><span class='ocrx_word' id='word_1_216' title='bbox 34 1689 162 1722; x_wconf 90' lang='lat' dir='ltr'>ebenso</span> <span class='ocrx_word' id='word_1_217' title='bbox 189 1688 256 1721; x_wconf 88' lang='lat' dir='ltr'>Cic</span> <span class='ocrx_word' id='word_1_218' title='bbox 282 1688 336 1722; x_wconf 92' lang='lat' dir='ltr'>Br.</span> <span class='ocrx_word' id='word_1_219' title='bbox 369 1690 423 1730; x_wconf 91' lang='lat'>23,</span> <span class='ocrx_word' id='word_1_220' title='bbox 451 1690 510 1722; x_wconf 62' lang='lat'>59:</span> <span class='ocrx_word' id='word_1_221' title='bbox 538 1686 728 1720; x_wconf 76' lang='lat' dir='ltr'>Mommsen</span> 
     </span>
     <span class='ocr_line' id='line_1_33' title="bbox 34 1733 252 1777; baseline 0.005 -10"><span class='ocrx_word' id='word_1_222' title='bbox 34 1733 101 1767; x_wconf 85' lang='lat' dir='ltr'>Str.</span> <span class='ocrx_word' id='word_1_223' title='bbox 129 1736 160 1777; x_wconf 86' lang='lat'>2,</span> <span class='ocrx_word' id='word_1_224' title='bbox 175 1735 252 1768; x_wconf 88' lang='grc'>289.</span> 
     </span>
    </p>

    <p class='ocr_par' dir='ltr' id='par_1_10' title="bbox 0 1778 727 2646">
     <span class='ocr_line' id='line_1_34' title="bbox 77 1778 725 1821; baseline -0.003 -7"><span class='ocrx_word' id='word_1_225' title='bbox 77 1778 137 1815; x_wconf 79' lang='grc'>41.</span> <span class='ocrx_word' id='word_1_226' title='bbox 168 1781 230 1813; x_wconf 84' lang='lat'>1——</span> <span class='ocrx_word' id='word_1_227' title='bbox 233 1781 263 1814; x_wconf 91' lang='lat'>2.</span> <span class='ocrx_word' id='word_1_228' title='bbox 292 1781 398 1819; x_wconf 84' lang='lat' dir='ltr'>omni,</span> <span class='ocrx_word' id='word_1_229' title='bbox 425 1780 578 1821; x_wconf 84' lang='grc'><strong>5.2.33.</strong></span> <span class='ocrx_word' id='word_1_230' title='bbox 606 1780 654 1812; x_wconf 85' lang='grc'><strong>10.</strong></span> <span class='ocrx_word' id='word_1_231' title='bbox 681 1797 725 1802; x_wconf 87' lang='grc'>-</span> 
     </span>
     <span class='ocr_line' id='line_1_35' title="bbox 36 1814 725 1867; baseline -0.003 -9"><span class='ocrx_word' id='word_1_232' title='bbox 36 1829 110 1858; x_wconf 81' lang='lat' dir='ltr'>tum</span> <span class='ocrx_word' id='word_1_233' title='bbox 134 1826 222 1859; x_wconf 90' lang='lat' dir='ltr'>ohne</span> <span class='ocrx_word' id='word_1_234' title='bbox 256 1827 325 1867; x_wconf 85' lang='lat' dir='ltr'>ita,</span> <span class='ocrx_word' id='word_1_235' title='bbox 359 1814 471 1865; x_wconf 80' lang='lat'>24,3.</span> <span class='ocrx_word' id='word_1_236' title='bbox 510 1826 559 1858; x_wconf 85' lang='lat'>13.</span> <span class='ocrx_word' id='word_1_237' title='bbox 586 1844 631 1848; x_wconf 93' lang='lat'><strong>—</strong></span> <span class='ocrx_word' id='word_1_238' title='bbox 656 1827 725 1857; x_wconf 81' lang='lat' dir='ltr'>eoi</span> 
     </span>
     <span class='ocr_line' id='line_1_36' title="bbox 34 1870 725 1914; baseline -0.001 -10"><span class='ocrx_word' id='word_1_239' title='bbox 34 1875 182 1914; x_wconf 67' lang='lat' dir='ltr'>erantq„</span> <span class='ocrx_word' id='word_1_240' title='bbox 208 1882 234 1905; x_wconf 86' lang='lat' dir='ltr'>s.</span> <span class='ocrx_word' id='word_1_241' title='bbox 261 1882 320 1904; x_wconf 90' lang='lat' dir='ltr'>zur</span> <span class='ocrx_word' id='word_1_242' title='bbox 346 1870 455 1904; x_wconf 89' lang='lat' dir='ltr'>Sache</span> <span class='ocrx_word' id='word_1_243' title='bbox 482 1873 513 1912; x_wconf 91' lang='lat'>3.</span> <span class='ocrx_word' id='word_1_244' title='bbox 536 1873 590 1906; x_wconf 91' lang='lat'>35.</span> <span class='ocrx_word' id='word_1_245' title='bbox 613 1872 651 1908; x_wconf 89' lang='lat'>9·</span> <span class='ocrx_word' id='word_1_246' title='bbox 689 1880 725 1903; x_wconf 87' lang='lat' dir='ltr'>es</span> 
     </span>
     <span class='ocr_line' id='line_1_37' title="bbox 35 1915 724 1960; baseline -0.003 -10"><span class='ocrx_word' id='word_1_247' title='bbox 35 1917 112 1950; x_wconf 85' lang='lat' dir='ltr'>sind</span> <span class='ocrx_word' id='word_1_248' title='bbox 141 1917 195 1950; x_wconf 91' lang='lat' dir='ltr'>die</span> <span class='ocrx_word' id='word_1_249' title='bbox 219 1917 404 1960; x_wconf 71' lang='lat' dir='ltr'>Anhanger</span> <span class='ocrx_word' id='word_1_250' title='bbox 437 1916 496 1949; x_wconf 88' lang='lat' dir='ltr'>der</span> <span class='ocrx_word' id='word_1_251' title='bbox 522 1915 724 1959; x_wconf 64' lang='lat' dir='ltr'>Scipionem</span> 
     </span>
     <span class='ocr_line' id='line_1_38' title="bbox 34 1962 726 2005; baseline -0.003 -9"><span class='ocrx_word' id='word_1_252' title='bbox 34 1963 88 1996; x_wconf 84' lang='lat' dir='ltr'>die</span> <span class='ocrx_word' id='word_1_253' title='bbox 98 1962 162 1996; x_wconf 80' lang='grc' dir='ltr'><strong>ΜΖ.</strong></span> <span class='ocrx_word' id='word_1_254' title='bbox 177 1963 256 1996; x_wconf 84' lang='lat' dir='ltr'>Hds.</span> <span class='ocrx_word' id='word_1_255' title='bbox 272 1963 331 1996; x_wconf 93' lang='lat' dir='ltr'>hat</span> <span class='ocrx_word' id='word_1_256' title='bbox 346 1966 642 2005; x_wconf 62' lang='lat' dir='ltr'>consenserantq„</span> <span class='ocrx_word' id='word_1_257' title='bbox 657 1962 726 1996; x_wconf 78' lang='lat' dir='ltr'>wol</span> 
     </span>
     <span class='ocr_line' id='line_1_39' title="bbox 34 2007 725 2051; baseline -0.001 -9"><span class='ocrx_word' id='word_1_258' title='bbox 34 2009 109 2042; x_wconf 88' lang='lat' dir='ltr'>eine</span> <span class='ocrx_word' id='word_1_259' title='bbox 134 2008 325 2051; x_wconf 71' lang='lat' dir='ltr'>Erklarung</span> <span class='ocrx_word' id='word_1_260' title='bbox 350 2019 418 2042; x_wconf 81' lang='lat' dir='ltr'>von</span> <span class='ocrx_word' id='word_1_261' title='bbox 444 2010 622 2050; x_wconf 80' lang='lat' dir='ltr'>coierant,</span> <span class='ocrx_word' id='word_1_262' title='bbox 656 2007 725 2051; x_wconf 70' lang='lat' dir='ltr'>vgl.</span> 
     </span>
     <span class='ocr_line' id='line_1_40' title="bbox 3 2054 726 2096; baseline -0.003 -8"><span class='ocrx_word' id='word_1_263' title='bbox 3 2067 5 2070; x_wconf 61' lang='lat'><strong><em>¹</em></strong></span> <span class='ocrx_word' id='word_1_264' title='bbox 34 2065 62 2088; x_wconf 84' lang='lat' dir='ltr'>c.</span> <span class='ocrx_word' id='word_1_265' title='bbox 93 2055 410 2096; x_wconf 79' lang='lat' dir='ltr'>13‚6.—collega‚</span> <span class='ocrx_word' id='word_1_266' title='bbox 433 2056 486 2087; x_wconf 87' lang='lat'>33.</span> <span class='ocrx_word' id='word_1_267' title='bbox 501 2054 726 2091; x_wconf 54' lang='lat' dir='ltr'>43.÷dez&#39;cz&#39;-</span> 
     </span>
     <span class='ocr_line' id='line_1_41' title="bbox 33 2100 725 2141; baseline 0 -8"><span class='ocrx_word' id='word_1_268' title='bbox 33 2100 125 2141; x_wconf 61' lang='lat' dir='ltr'>end„</span> <span class='ocrx_word' id='word_1_269' title='bbox 152 2110 179 2133; x_wconf 88' lang='lat' dir='ltr'>c.</span> <span class='ocrx_word' id='word_1_270' title='bbox 207 2101 331 2137; x_wconf 61' lang='lat'>3212.</span> <span class='ocrx_word' id='word_1_271' title='bbox 357 2100 445 2133; x_wconf 88' lang='lat' dir='ltr'>ohne</span> <span class='ocrx_word' id='word_1_272' title='bbox 463 2110 552 2141; x_wconf 82' lang='lat' dir='ltr'>enm,</span> <span class='ocrx_word' id='word_1_273' title='bbox 577 2100 644 2132; x_wconf 81' lang='lat' dir='ltr'>wie</span> <span class='ocrx_word' id='word_1_274' title='bbox 671 2102 725 2141; x_wconf 81' lang='lat'>26.</span> 
     </span>
     <span class='ocr_line' id='line_1_42' title="bbox 0 2146 725 2187; baseline -0.006 -7"><span class='ocrx_word' id='word_1_275' title='bbox 0 2150 2 2152; x_wconf 79' lang='grc'>’</span> <span class='ocrx_word' id='word_1_276' title='bbox 36 2148 89 2183; x_wconf 87' lang='lat'>25.</span> <span class='ocrx_word' id='word_1_277' title='bbox 105 2148 123 2179; x_wconf 87' lang='grc'>8</span> <span class='ocrx_word' id='word_1_278' title='bbox 137 2160 143 2183; x_wconf 78' lang='grc' dir='ltr'><strong>ς</strong></span> <span class='ocrx_word' id='word_1_279' title='bbox 159 2148 213 2185; x_wconf 79' lang='lat'>35.</span> <span class='ocrx_word' id='word_1_280' title='bbox 229 2147 283 2187; x_wconf 78' lang='lat'>25,</span> <span class='ocrx_word' id='word_1_281' title='bbox 298 2146 328 2179; x_wconf 92' lang='lat'>9.</span> <span class='ocrx_word' id='word_1_282' title='bbox 347 2165 392 2169; x_wconf 42' lang='grc' dir='ltr'>ῌ</span> <span class='ocrx_word' id='word_1_283' title='bbox 408 2156 481 2178; x_wconf 80' lang='lat' dir='ltr'>non</span> <span class='ocrx_word' id='word_1_284' title='bbox 509 2146 570 2177; x_wconf 75' lang='lat' dir='ltr'>sol.</span> <span class='ocrx_word' id='word_1_285' title='bbox 588 2165 634 2168; x_wconf 97' lang='lat'><strong>—</strong></span> <span class='ocrx_word' id='word_1_286' title='bbox 651 2156 725 2186; x_wconf 83' lang='lat' dir='ltr'>nee,</span> 
     </span>
     <span class='ocr_line' id='line_1_43' title="bbox 35 2191 725 2233; baseline -0.006 -7"><span class='ocrx_word' id='word_1_287' title='bbox 35 2194 89 2233; x_wconf 88' lang='grc'>41,</span> <span class='ocrx_word' id='word_1_288' title='bbox 105 2195 136 2233; x_wconf 83' lang='lat'>5,</span> <span class='ocrx_word' id='word_1_289' title='bbox 151 2193 180 2226; x_wconf 86' lang='lat'>3.</span> <span class='ocrx_word' id='word_1_290' title='bbox 208 2211 253 2215; x_wconf 84' lang='lat'><strong>—</strong></span> <span class='ocrx_word' id='word_1_291' title='bbox 277 2202 342 2223; x_wconf 79' lang='lat' dir='ltr'>nee</span> <span class='ocrx_word' id='word_1_292' title='bbox 375 2193 459 2233; x_wconf 77' lang='lat' dir='ltr'>quia</span> <span class='ocrx_word' id='word_1_293' title='bbox 492 2191 643 2232; x_wconf 57' lang='lat' dir='ltr'>indiga,</span> <span class='ocrx_word' id='word_1_294' title='bbox 684 2201 725 2223; x_wconf 90' lang='lat' dir='ltr'>zu</span> 
     </span>
     <span class='ocr_line' id='line_1_44' title="bbox 38 2236 725 2279; baseline -0.006 -8"><span class='ocrx_word' id='word_1_295' title='bbox 38 2240 160 2279; x_wconf 77' lang='lat' dir='ltr'>1o,41,</span> <span class='ocrx_word' id='word_1_296' title='bbox 177 2239 227 2271; x_wconf 82' lang='lat'>12.</span> <span class='ocrx_word' id='word_1_297' title='bbox 277 2236 343 2270; x_wconf 87' lang='lat' dir='ltr'>Der</span> <span class='ocrx_word' id='word_1_298' title='bbox 360 2236 521 2270; x_wconf 84' lang='lat' dir='ltr'>Wechsel</span> <span class='ocrx_word' id='word_1_299' title='bbox 546 2247 615 2269; x_wconf 71' lang='lat' dir='ltr'>von</span> <span class='ocrx_word' id='word_1_300' title='bbox 641 2238 725 2278; x_wconf 77' lang='lat' dir='ltr'>quia</span> 
     </span>
     <span class='ocr_line' id='line_1_45' title="bbox 34 2282 727 2326; baseline -0.003 -10"><span class='ocrx_word' id='word_1_301' title='bbox 34 2283 104 2316; x_wconf 90' lang='lat' dir='ltr'>und</span> <span class='ocrx_word' id='word_1_302' title='bbox 140 2283 236 2326; x_wconf 79' lang='lat' dir='ltr'>quod</span> <span class='ocrx_word' id='word_1_303' title='bbox 271 2283 313 2316; x_wconf 83' lang='lat' dir='ltr'>ist</span> <span class='ocrx_word' id='word_1_304' title='bbox 352 2283 439 2316; x_wconf 87' lang='lat' dir='ltr'>auch</span> <span class='ocrx_word' id='word_1_305' title='bbox 474 2283 528 2316; x_wconf 88' lang='lat' dir='ltr'>bei</span> <span class='ocrx_word' id='word_1_306' title='bbox 561 2282 594 2315; x_wconf 93' lang='lat' dir='ltr'>L.</span> <span class='ocrx_word' id='word_1_307' title='bbox 633 2282 727 2314; x_wconf 81' lang='lat' dir='ltr'>nicht</span> 
     </span>
     <span class='ocr_line' id='line_1_46' title="bbox 35 2328 726 2367; baseline -0.001 -6"><span class='ocrx_word' id='word_1_308' title='bbox 35 2328 165 2365; x_wconf 88' lang='lat' dir='ltr'>selten.</span> <span class='ocrx_word' id='word_1_309' title='bbox 200 2339 225 2362; x_wconf 88' lang='lat' dir='ltr'>s.</span> <span class='ocrx_word' id='word_1_310' title='bbox 253 2331 307 2364; x_wconf 87' lang='lat'>34</span> <span class='ocrx_word' id='word_1_311' title='bbox 330 2331 384 2364; x_wconf 89' lang='lat'>23.</span> <span class='ocrx_word' id='word_1_312' title='bbox 400 2329 471 2367; x_wconf 58' lang='grc' dir='ltr'>εἰς</span> <span class='ocrx_word' id='word_1_313' title='bbox 494 2332 525 2361; x_wconf 88' lang='lat'>5.</span> <span class='ocrx_word' id='word_1_314' title='bbox 548 2331 602 2362; x_wconf 79' lang='lat'>41.</span> <span class='ocrx_word' id='word_1_315' title='bbox 626 2330 656 2361; x_wconf 86' lang='lat'>4.</span> <span class='ocrx_word' id='word_1_316' title='bbox 681 2347 726 2351; x_wconf 89' lang='lat'>-—</span> 
     </span>
     <span class='ocr_line' id='line_1_47' title="bbox 35 2365 723 2417; baseline -0.001 -10"><span class='ocrx_word' id='word_1_317' title='bbox 35 2385 115 2407; x_wconf 80' lang='lat' dir='ltr'>nov.</span> <span class='ocrx_word' id='word_1_318' title='bbox 140 2375 244 2417; x_wconf 65' lang='lat' dir='ltr'>hom„</span> <span class='ocrx_word' id='word_1_319' title='bbox 271 2365 325 2417; x_wconf 90' lang='lat'>37,</span> <span class='ocrx_word' id='word_1_320' title='bbox 341 2377 394 2413; x_wconf 83' lang='lat'>57</span> <span class='ocrx_word' id='word_1_321' title='bbox 413 2377 470 2413; x_wconf 81' lang='lat'>12;</span> <span class='ocrx_word' id='word_1_322' title='bbox 497 2374 586 2408; x_wconf 89' lang='lat' dir='ltr'>Plut.</span> <span class='ocrx_word' id='word_1_323' title='bbox 607 2384 634 2407; x_wconf 76' lang='lat' dir='ltr'>e.</span> <span class='ocrx_word' id='word_1_324' title='bbox 665 2376 723 2407; x_wconf 89' lang='grc'>16.</span> 
     </span>
     <span class='ocr_line' id='line_1_48' title="bbox 35 2400 724 2522; baseline 0.001 -25"><span class='ocrx_word' id='word_1_325' title='bbox 35 2400 724 2522; x_wconf 53' lang='lat'>{5325⁶2555.2”.255322.50.32³2225</span> 
     </span>
     <span class='ocr_line' id='line_1_49' title="bbox 36 2508 725 2567; baseline -0.001 -23"><span class='ocrx_word' id='word_1_326' title='bbox 36 2508 314 2566; x_wconf 73' lang='grc' dir='ltr'><strong><em>πηλακίζεσθαι</em></strong></span> <span class='ocrx_word' id='word_1_327' title='bbox 344 2524 411 2567; x_wconf 54' lang='lat'><em>7372)</em></span> <span class='ocrx_word' id='word_1_328' title='bbox 425 2524 629 2566; x_wconf 73' lang='grc' dir='ltr'><em>ειγενειαν</em></span> <span class='ocrx_word' id='word_1_329' title='bbox 665 2510 725 2544; x_wconf 62' lang='grc' dir='ltr'>ἅφ-</span> 
     </span>
     <span class='ocr_line' id='line_1_50' title="bbox 0 2552 727 2610; baseline -0.001 -20.948"><span class='ocrx_word' id='word_1_330' title='bbox 0 2553 208 2610; x_wconf 76' lang='grc' dir='ltr'>θρώπανν</span> <span class='ocrx_word' id='word_1_331' title='bbox 245 2552 314 2590; x_wconf 81' lang='grc' dir='ltr'>ἇπ</span> <span class='ocrx_word' id='word_1_332' title='bbox 354 2554 460 2604; x_wconf 77' lang='grc' dir='ltr'><em>ἀρχῆς</em></span> <span class='ocrx_word' id='word_1_333' title='bbox 496 2554 641 2596; x_wconf 77' lang='grc' dir='ltr'><em>ἀδόξων</em></span> <span class='ocrx_word' id='word_1_334' title='bbox 679 2556 727 2589; x_wconf 77' lang='grc' dir='ltr'>εἰς</span> 
     </span>
     <span class='ocr_line' id='line_1_51' title="bbox 35 2597 726 2649; baseline 0 -15"><span class='ocrx_word' id='word_1_335' title='bbox 35 2614 104 2635; x_wconf 79' lang='grc' dir='ltr'>τνν</span> <span class='ocrx_word' id='word_1_336' title='bbox 120 2600 235 2649; x_wconf 79' lang='grc' dir='ltr'><em>ἄκραν</em></span> <span class='ocrx_word' id='word_1_337' title='bbox 252 2600 361 2646; x_wconf 63' lang='grc' dir='ltr'>τιμὴι</span> <span class='ocrx_word' id='word_1_338' title='bbox 378 2606 438 2636; x_wconf 85' lang='grc' dir='ltr'>καὶ</span> <span class='ocrx_word' id='word_1_339' title='bbox 461 2600 617 2646; x_wconf 64' lang='grc' dir='ltr'><em>δύναμιν</em></span> <span class='ocrx_word' id='word_1_340' title='bbox 641 2597 726 2635; x_wconf 73' lang='grc' dir='ltr'><em>ἄνα-</em></span> 
     </span>
    </p>
   </div>
   <div class='ocr_carea' id='block_1_9' title="bbox 0 2636 17 2746">
    <p class='ocr_par' dir='ltr' id='par_1_11' title="bbox 0 2636 17 2746">
     <span class='ocr_line' id='line_1_52' title="bbox 0 2636 17 2746; baseline 0 -6"><span class='ocrx_word' id='word_1_341' title='bbox 0 2636 17 2746; x_wconf 71' lang='lat' dir='ltr'>[l</span> 
     </span>
    </p>
   </div>
   <div class='ocr_carea' id='block_1_10' title="bbox 795 1181 1488 2644">
    <p class='ocr_par' dir='ltr' id='par_1_12' title="bbox 799 1181 1488 1447">
     <span class='ocr_line' id='line_1_53' title="bbox 799 1181 1486 1226; baseline -0.003 -11"><span class='ocrx_word' id='word_1_342' title='bbox 799 1183 1059 1226; x_wconf 65' lang='grc' dir='ltr'>βιβαζομένων</span> <span class='ocrx_word' id='word_1_343' title='bbox 1090 1186 1154 1215; x_wconf 82' lang='lat' dir='ltr'>etc.</span> <span class='ocrx_word' id='word_1_344' title='bbox 1180 1202 1224 1205; x_wconf 97' lang='lat'><strong>—</strong></span> <span class='ocrx_word' id='word_1_345' title='bbox 1250 1182 1386 1214; x_wconf 71' lang='lat' dir='ltr'>videre.</span> <span class='ocrx_word' id='word_1_346' title='bbox 1421 1181 1486 1214; x_wconf 82' lang='lat' dir='ltr'>wie</span> 
     </span>
     <span class='ocr_line' id='line_1_54' title="bbox 800 1227 1487 1271; baseline 0.001 -9"><span class='ocrx_word' id='word_1_347' title='bbox 800 1231 830 1262; x_wconf 89' lang='lat'>3.</span> <span class='ocrx_word' id='word_1_348' title='bbox 844 1232 898 1267; x_wconf 83' lang='lat'>30.</span> <span class='ocrx_word' id='word_1_349' title='bbox 909 1231 1135 1269; x_wconf 76' lang='lat' dir='ltr'>6.——trz&#39;stem,</span> <span class='ocrx_word' id='word_1_350' title='bbox 1146 1227 1346 1271; x_wconf 84' lang='lat' dir='ltr'>pedantisch</span> <span class='ocrx_word' id='word_1_351' title='bbox 1361 1232 1487 1270; x_wconf 74' lang='lat' dir='ltr'>streng-</span> 
     </span>
     <span class='ocr_line' id='line_1_55' title="bbox 802 1273 1487 1317; baseline -0.001 -9"><span class='ocrx_word' id='word_1_352' title='bbox 802 1276 830 1308; x_wconf 91' lang='lat'>1.</span> <span class='ocrx_word' id='word_1_353' title='bbox 850 1276 900 1317; x_wconf 72' lang='lat'>18,</span> <span class='ocrx_word' id='word_1_354' title='bbox 913 1277 943 1307; x_wconf 81' lang='lat'>4.</span> <span class='ocrx_word' id='word_1_355' title='bbox 963 1294 1007 1298; x_wconf 87' lang='lat'>—</span> <span class='ocrx_word' id='word_1_356' title='bbox 1025 1278 1059 1306; x_wconf 77' lang='lat' dir='ltr'>et</span> <span class='ocrx_word' id='word_1_357' title='bbox 1075 1274 1163 1306; x_wconf 79' lang='lat' dir='ltr'>laed.</span> <span class='ocrx_word' id='word_1_358' title='bbox 1190 1285 1230 1315; x_wconf 64' lang='grc'>0.,</span> <span class='ocrx_word' id='word_1_359' title='bbox 1255 1273 1308 1306; x_wconf 86' lang='lat' dir='ltr'>die</span> <span class='ocrx_word' id='word_1_360' title='bbox 1326 1273 1487 1316; x_wconf 78' lang='lat' dir='ltr'>praepos.</span> 
     </span>
     <span class='ocr_line' id='line_1_56' title="bbox 799 1319 1488 1363; baseline -0.001 -10"><span class='ocrx_word' id='word_1_361' title='bbox 799 1322 890 1353; x_wconf 72' lang='lat' dir='ltr'>ware</span> <span class='ocrx_word' id='word_1_362' title='bbox 920 1320 992 1353; x_wconf 89' lang='lat' dir='ltr'>hier</span> <span class='ocrx_word' id='word_1_363' title='bbox 1025 1320 1117 1353; x_wconf 86' lang='lat' dir='ltr'>nicht</span> <span class='ocrx_word' id='word_1_364' title='bbox 1157 1319 1304 1363; x_wconf 86' lang='lat' dir='ltr'>passend</span> <span class='ocrx_word' id='word_1_365' title='bbox 1342 1319 1488 1352; x_wconf 79' lang='lat' dir='ltr'>wieder—</span> 
     </span>
     <span class='ocr_line' id='line_1_57' title="bbox 799 1366 1473 1408; baseline -0.003 -9"><span class='ocrx_word' id='word_1_366' title='bbox 799 1366 871 1399; x_wconf 81' lang='lat' dir='ltr'>holt</span> <span class='ocrx_word' id='word_1_367' title='bbox 907 1366 1065 1400; x_wconf 82' lang='lat' dir='ltr'>worden.</span> <span class='ocrx_word' id='word_1_368' title='bbox 1104 1366 1171 1408; x_wconf 75' lang='lat' dir='ltr'>vgl.</span> <span class='ocrx_word' id='word_1_369' title='bbox 1204 1367 1257 1398; x_wconf 88' lang='lat'>42.</span> <span class='ocrx_word' id='word_1_370' title='bbox 1286 1367 1339 1399; x_wconf 83' lang='lat'>64.</span> <span class='ocrx_word' id='word_1_371' title='bbox 1368 1368 1404 1399; x_wconf 81' lang='lat'>7:</span> <span class='ocrx_word' id='word_1_372' title='bbox 1433 1368 1473 1398; x_wconf 90' lang='lat'>37</span> 
     </span>
     <span class='ocr_line' id='line_1_58' title="bbox 799 1415 902 1447; baseline -0.019 -1"><span class='ocrx_word' id='word_1_373' title='bbox 799 1415 852 1447; x_wconf 87' lang='lat'>56.</span> <span class='ocrx_word' id='word_1_374' title='bbox 873 1415 902 1444; x_wconf 91' lang='lat'>5.</span> 
     </span>
    </p>

    <p class='ocr_par' dir='ltr' id='par_1_13' title="bbox 795 1456 1488 2141">
     <span class='ocr_line' id='line_1_59' title="bbox 845 1456 1486 1499; baseline 0 -10"><span class='ocrx_word' id='word_1_375' title='bbox 845 1460 944 1491; x_wconf 72' lang='lat'>3—4.</span> <span class='ocrx_word' id='word_1_376' title='bbox 970 1457 1134 1498; x_wconf 58' lang='lat' dir='ltr'>suffivag„</span> <span class='ocrx_word' id='word_1_377' title='bbox 1159 1457 1228 1499; x_wconf 69' lang='lat' dir='ltr'>vgl.</span> <span class='ocrx_word' id='word_1_378' title='bbox 1248 1467 1274 1489; x_wconf 77' lang='lat' dir='ltr'>c.</span> <span class='ocrx_word' id='word_1_379' title='bbox 1294 1458 1348 1492; x_wconf 82' lang='lat'>32.</span> <span class='ocrx_word' id='word_1_380' title='bbox 1367 1458 1418 1498; x_wconf 78' lang='lat'>10,</span> <span class='ocrx_word' id='word_1_381' title='bbox 1443 1456 1486 1490; x_wconf 78' lang='lat' dir='ltr'>ist</span> 
     </span>
     <span class='ocr_line' id='line_1_60' title="bbox 799 1502 1486 1536; baseline -0.001 0"><span class='ocrx_word' id='word_1_382' title='bbox 799 1503 1002 1536; x_wconf 68' lang='lat' dir='ltr'>absichtlich</span> <span class='ocrx_word' id='word_1_383' title='bbox 1017 1503 1093 1535; x_wconf 90' lang='lat' dir='ltr'>dem</span> <span class='ocrx_word' id='word_1_384' title='bbox 1107 1502 1193 1535; x_wconf 83' lang='lat' dir='ltr'>auch</span> <span class='ocrx_word' id='word_1_385' title='bbox 1211 1502 1266 1535; x_wconf 87' lang='lat' dir='ltr'>bei</span> <span class='ocrx_word' id='word_1_386' title='bbox 1280 1502 1313 1535; x_wconf 86' lang='lat' dir='ltr'>L.</span> <span class='ocrx_word' id='word_1_387' title='bbox 1333 1502 1486 1535; x_wconf 81' lang='lat' dir='ltr'>seltenen</span> 
     </span>
     <span class='ocr_line' id='line_1_61' title="bbox 798 1548 1484 1591; baseline 0.003 -10"><span class='ocrx_word' id='word_1_388' title='bbox 798 1548 984 1591; x_wconf 75' lang='lat' dir='ltr'>refragari</span> <span class='ocrx_word' id='word_1_389' title='bbox 1009 1548 1358 1591; x_wconf 80' lang='lat' dir='ltr'>gegem&#39;ibergestellt.</span> <span class='ocrx_word' id='word_1_390' title='bbox 1385 1559 1410 1581; x_wconf 86' lang='lat' dir='ltr'>s.</span> <span class='ocrx_word' id='word_1_391' title='bbox 1430 1550 1484 1583; x_wconf 86' lang='lat'>45.</span> 
     </span>
     <span class='ocr_line' id='line_1_62' title="bbox 798 1594 1485 1628; baseline -0.001 0"><span class='ocrx_word' id='word_1_392' title='bbox 798 1597 854 1628; x_wconf 85' lang='lat'>40.</span> <span class='ocrx_word' id='word_1_393' title='bbox 883 1598 911 1628; x_wconf 88' lang='lat'>5.</span> <span class='ocrx_word' id='word_1_394' title='bbox 945 1614 989 1618; x_wconf 85' lang='lat'><em>-</em></span> <span class='ocrx_word' id='word_1_395' title='bbox 1023 1595 1082 1626; x_wconf 81' lang='lat' dir='ltr'><em>illo</em></span> <span class='ocrx_word' id='word_1_396' title='bbox 1116 1605 1188 1626; x_wconf 78' lang='lat' dir='ltr'>uno</span> <span class='ocrx_word' id='word_1_397' title='bbox 1214 1599 1291 1628; x_wconf 82' lang='lat' dir='ltr'>etc..</span> <span class='ocrx_word' id='word_1_398' title='bbox 1320 1604 1386 1627; x_wconf 74' lang='lat' dir='ltr'>von</span> <span class='ocrx_word' id='word_1_399' title='bbox 1422 1594 1485 1627; x_wconf 83' lang='lat' dir='ltr'>den</span> 
     </span>
     <span class='ocr_line' id='line_1_63' title="bbox 799 1639 1486 1682; baseline 0 -9"><span class='ocrx_word' id='word_1_400' title='bbox 799 1642 969 1674; x_wconf 82' lang='lat' dir='ltr'>Censoren</span> <span class='ocrx_word' id='word_1_401' title='bbox 981 1640 1167 1673; x_wconf 85' lang='lat' dir='ltr'>besonders</span> <span class='ocrx_word' id='word_1_402' title='bbox 1177 1641 1292 1673; x_wconf 85' lang='lat' dir='ltr'>wurde</span> <span class='ocrx_word' id='word_1_403' title='bbox 1303 1639 1486 1682; x_wconf 80' lang='lat' dir='ltr'>gesordert.</span> 
     </span>
     <span class='ocr_line' id='line_1_64' title="bbox 799 1686 1488 1720; baseline -0.003 0"><span class='ocrx_word' id='word_1_404' title='bbox 799 1687 876 1720; x_wconf 85' lang='lat' dir='ltr'>dass</span> <span class='ocrx_word' id='word_1_405' title='bbox 902 1687 951 1719; x_wconf 84' lang='lat' dir='ltr'>sie</span> <span class='ocrx_word' id='word_1_406' title='bbox 975 1687 1009 1719; x_wconf 90' lang='lat' dir='ltr'>in</span> <span class='ocrx_word' id='word_1_407' title='bbox 1028 1686 1200 1719; x_wconf 85' lang='lat' dir='ltr'>Eintracht</span> <span class='ocrx_word' id='word_1_408' title='bbox 1228 1686 1288 1719; x_wconf 85' lang='lat' dir='ltr'>da·</span> <span class='ocrx_word' id='word_1_409' title='bbox 1310 1687 1387 1718; x_wconf 76' lang='lat' dir='ltr'>Amt</span> <span class='ocrx_word' id='word_1_410' title='bbox 1414 1697 1488 1719; x_wconf 70' lang='lat' dir='ltr'>ver—</span> 
     </span>
     <span class='ocr_line' id='line_1_65' title="bbox 796 1731 1484 1767; baseline -0.001 -2"><span class='ocrx_word' id='word_1_411' title='bbox 796 1732 979 1767; x_wconf 83' lang='lat' dir='ltr'>walteten.</span> <span class='ocrx_word' id='word_1_412' title='bbox 1015 1744 1040 1765; x_wconf 77' lang='grc'>5.</span> <span class='ocrx_word' id='word_1_413' title='bbox 1068 1733 1122 1767; x_wconf 65' lang='lat'>20.</span> <span class='ocrx_word' id='word_1_414' title='bbox 1147 1734 1208 1766; x_wconf 86' lang='lat'>37:</span> <span class='ocrx_word' id='word_1_415' title='bbox 1230 1735 1285 1765; x_wconf 87' lang='lat'>40.</span> <span class='ocrx_word' id='word_1_416' title='bbox 1309 1734 1368 1765; x_wconf 84' lang='lat'>46:</span> <span class='ocrx_word' id='word_1_417' title='bbox 1396 1731 1484 1765; x_wconf 82' lang='lat' dir='ltr'>Plut.</span> 
     </span>
     <span class='ocr_line' id='line_1_66' title="bbox 796 1775 1486 1829; baseline -0.003 -18"><span class='ocrx_word' id='word_1_418' title='bbox 796 1779 815 1812; x_wconf 93' lang='lat' dir='ltr'>l.</span> <span class='ocrx_word' id='word_1_419' title='bbox 855 1779 895 1811; x_wconf 92' lang='lat' dir='ltr'>l.:</span> <span class='ocrx_word' id='word_1_420' title='bbox 937 1790 1001 1810; x_wconf 80' lang='grc' dir='ltr'>ιιετ</span> <span class='ocrx_word' id='word_1_421' title='bbox 1057 1778 1193 1810; x_wconf 64' lang='grc' dir='ltr'><em>ἐκειαου</em></span> <span class='ocrx_word' id='word_1_422' title='bbox 1233 1775 1319 1829; x_wconf 72' lang='grc' dir='ltr'>γὰρ</span> <span class='ocrx_word' id='word_1_423' title='bbox 1338 1777 1486 1810; x_wconf 71' lang='grc' dir='ltr'><em>οἲεσθαι</em></span> 
     </span>
     <span class='ocr_line' id='line_1_67' title="bbox 796 1821 1485 1876; baseline -0.001 -21"><span class='ocrx_word' id='word_1_424' title='bbox 796 1836 909 1864; x_wconf 49' lang='lat' dir='ltr'>,novor</span> <span class='ocrx_word' id='word_1_425' title='bbox 933 1836 1000 1876; x_wconf 59' lang='lat' dir='ltr'>Trjr</span> <span class='ocrx_word' id='word_1_426' title='bbox 1029 1836 1168 1876; x_wconf 63' lang='grc' dir='ltr'><em>ΤΟἰφΊΨ</em></span> <span class='ocrx_word' id='word_1_427' title='bbox 1193 1836 1253 1855; x_wconf 66' lang='lat' dir='ltr'>zac</span> <span class='ocrx_word' id='word_1_428' title='bbox 1282 1836 1350 1865; x_wconf 64' lang='grc' dir='ltr'>ΤΥΤ</span> <span class='ocrx_word' id='word_1_429' title='bbox 1376 1821 1485 1856; x_wconf 63' lang='grc' dir='ltr'><em>[λαλα-</em></span> 
     </span>
     <span class='ocr_line' id='line_1_68' title="bbox 796 1865 1485 1921; baseline -0.001 -18"><span class='ocrx_word' id='word_1_430' title='bbox 796 1883 879 1903; x_wconf 66' lang='lat' dir='ltr'>maz</span> <span class='ocrx_word' id='word_1_431' title='bbox 921 1865 1045 1913; x_wconf 69' lang='grc' dir='ltr'><em>ὥσπερ</em></span> <span class='ocrx_word' id='word_1_432' title='bbox 1077 1865 1193 1921; x_wconf 55' lang='grc' dir='ltr'><em>ἕδραι</em></span> <span class='ocrx_word' id='word_1_433' title='bbox 1238 1872 1384 1902; x_wconf 71' lang='grc' dir='ltr'><em>τέμνων</em></span> <span class='ocrx_word' id='word_1_434' title='bbox 1425 1872 1485 1901; x_wconf 82' lang='grc' dir='ltr'>καὶ</span> 
     </span>
     <span class='ocr_line' id='line_1_69' title="bbox 797 1902 1486 1970; baseline -0.001 -22"><span class='ocrx_word' id='word_1_435' title='bbox 797 1927 988 1949; x_wconf 67' lang='grc' dir='ltr'><strong><em>αἴΓΟ7αἰων</em></strong></span> <span class='ocrx_word' id='word_1_436' title='bbox 1015 1902 1202 1968; x_wconf 52' lang='grc' dir='ltr'><em>πΟΟῙΞΟΙΗΟῙ</em></span> <span class='ocrx_word' id='word_1_437' title='bbox 1237 1928 1270 1948; x_wconf 80' lang='lat' dir='ltr'>TI</span> <span class='ocrx_word' id='word_1_438' title='bbox 1309 1913 1486 1970; x_wconf 56' lang='grc' dir='ltr'>ΤΥΟιῚὲΙσέιΨ,</span> 
     </span>
     <span class='ocr_line' id='line_1_70' title="bbox 798 1957 1486 2013; baseline -0.001 -19"><span class='ocrx_word' id='word_1_439' title='bbox 798 1962 875 1996; x_wconf 77' lang='grc' dir='ltr'>τῶν</span> <span class='ocrx_word' id='word_1_440' title='bbox 900 1958 933 1994; x_wconf 80' lang='grc' dir='ltr'><em>ὃ</em></span> <span class='ocrx_word' id='word_1_441' title='bbox 962 1958 1084 1994; x_wconf 67' lang='grc' dir='ltr'><strong><em>ἄλλων</em></strong></span> <span class='ocrx_word' id='word_1_442' title='bbox 1102 1957 1199 2013; x_wconf 57' lang='grc' dir='ltr'>ὁρᾶν</span> <span class='ocrx_word' id='word_1_443' title='bbox 1208 1962 1363 1994; x_wconf 80' lang='grc' dir='ltr'><em>ἕκαστοι</em></span> <span class='ocrx_word' id='word_1_444' title='bbox 1379 1958 1443 2006; x_wconf 77' lang='grc' dir='ltr'>ἄρ</span> <span class='ocrx_word' id='word_1_445' title='bbox 1432 1959 1486 1993; x_wconf 73' lang='lat' dir='ltr'>‘&#39;ac</span> 
     </span>
     <span class='ocr_line' id='line_1_71' title="bbox 796 1993 1487 2050; baseline -0.003 -10"><span class='ocrx_word' id='word_1_446' title='bbox 796 2007 914 2040; x_wconf 74' lang='grc' dir='ltr'><em>κακῶς</em></span> <span class='ocrx_word' id='word_1_447' title='bbox 930 1993 1162 2050; x_wconf 44' lang='grc' dir='ltr'>βιαζόΙΙιιεαον.</span> <span class='ocrx_word' id='word_1_448' title='bbox 1188 2020 1245 2040; x_wconf 82' lang='grc' dir='ltr'>οτι</span> <span class='ocrx_word' id='word_1_449' title='bbox 1267 2017 1350 2040; x_wconf 75' lang='grc' dir='ltr'><strong><em>τους</em></strong></span> <span class='ocrx_word' id='word_1_450' title='bbox 1369 1993 1487 2039; x_wconf 60' lang='grc' dir='ltr'><em>καλῶς</em></span> 
     </span>
     <span class='ocr_line' id='line_1_72' title="bbox 795 2050 1486 2099; baseline 0.001 -14"><span class='ocrx_word' id='word_1_451' title='bbox 795 2051 971 2099; x_wconf 72' lang='grc' dir='ltr'>ἄρξοντας</span> <span class='ocrx_word' id='word_1_452' title='bbox 995 2050 1176 2093; x_wconf 80' lang='grc' dir='ltr'><em>δεδοικεν,</em></span> <span class='ocrx_word' id='word_1_453' title='bbox 1209 2053 1322 2096; x_wconf 79' lang='lat' dir='ltr'>Lange</span> <span class='ocrx_word' id='word_1_454' title='bbox 1352 2055 1382 2086; x_wconf 97' lang='grc'>2</span> <span class='ocrx_word' id='word_1_455' title='bbox 1409 2054 1486 2087; x_wconf 74' lang='lat'>234.</span> 
     </span>
     <span class='ocr_line' id='line_1_73' title="bbox 795 2100 1483 2141; baseline 0 -10"><span class='ocrx_word' id='word_1_456' title='bbox 795 2119 840 2123; x_wconf 97' lang='lat'><strong>—</strong></span> <span class='ocrx_word' id='word_1_457' title='bbox 853 2100 1003 2132; x_wconf 74' lang='lat' dir='ltr'>adversa</span> <span class='ocrx_word' id='word_1_458' title='bbox 1029 2101 1120 2141; x_wconf 64' lang='lat' dir='ltr'>nob„</span> <span class='ocrx_word' id='word_1_459' title='bbox 1145 2101 1175 2133; x_wconf 92' lang='lat'>6.</span> <span class='ocrx_word' id='word_1_460' title='bbox 1191 2101 1245 2133; x_wconf 81' lang='lat'>42.</span> <span class='ocrx_word' id='word_1_461' title='bbox 1261 2101 1298 2132; x_wconf 89' lang='lat'>9:</span> <span class='ocrx_word' id='word_1_462' title='bbox 1314 2101 1368 2141; x_wconf 78' lang='lat'>42,</span> <span class='ocrx_word' id='word_1_463' title='bbox 1385 2100 1437 2134; x_wconf 86' lang='lat'>22.</span> <span class='ocrx_word' id='word_1_464' title='bbox 1453 2100 1483 2131; x_wconf 91' lang='grc'>2.</span> 
     </span>
    </p>

    <p class='ocr_par' dir='ltr' id='par_1_14' title="bbox 795 2144 1485 2644">
     <span class='ocr_line' id='line_1_74' title="bbox 842 2144 1485 2178; baseline -0.003 0"><span class='ocrx_word' id='word_1_465' title='bbox 842 2148 941 2178; x_wconf 83' lang='lat'>5—7.</span> <span class='ocrx_word' id='word_1_466' title='bbox 967 2145 1161 2177; x_wconf 64' lang='lat' dir='ltr'>secumdum</span> <span class='ocrx_word' id='word_1_467' title='bbox 1195 2150 1271 2178; x_wconf 82' lang='lat' dir='ltr'>etc..</span> <span class='ocrx_word' id='word_1_468' title='bbox 1301 2144 1355 2177; x_wconf 88' lang='lat' dir='ltr'>die</span> <span class='ocrx_word' id='word_1_469' title='bbox 1381 2144 1485 2177; x_wconf 80' lang='lat' dir='ltr'>kurze</span> 
     </span>
     <span class='ocr_line' id='line_1_75' title="bbox 795 2189 1485 2233; baseline 0 -11"><span class='ocrx_word' id='word_1_470' title='bbox 795 2189 1078 2233; x_wconf 75' lang='lat' dir='ltr'>[nterbreehung</span> <span class='ocrx_word' id='word_1_471' title='bbox 1107 2191 1173 2223; x_wconf 79' lang='lat' dir='ltr'>wie</span> <span class='ocrx_word' id='word_1_472' title='bbox 1199 2192 1253 2232; x_wconf 78' lang='lat'>38.</span> <span class='ocrx_word' id='word_1_473' title='bbox 1277 2192 1329 2224; x_wconf 79' lang='lat'>28.</span> <span class='ocrx_word' id='word_1_474' title='bbox 1356 2190 1415 2223; x_wconf 85' lang='lat' dir='ltr'>lff.</span> <span class='ocrx_word' id='word_1_475' title='bbox 1441 2209 1485 2212; x_wconf 88' lang='lat'>—</span> 
     </span>
     <span class='ocr_line' id='line_1_76' title="bbox 796 2237 1482 2277; baseline -0.001 -10"><span class='ocrx_word' id='word_1_476' title='bbox 796 2238 913 2268; x_wconf 79' lang='lat' dir='ltr'>comit.</span> <span class='ocrx_word' id='word_1_477' title='bbox 951 2247 1053 2277; x_wconf 82' lang='lat' dir='ltr'>cens.,</span> <span class='ocrx_word' id='word_1_478' title='bbox 1094 2237 1186 2269; x_wconf 85' lang='lat' dir='ltr'>diese</span> <span class='ocrx_word' id='word_1_479' title='bbox 1226 2240 1380 2269; x_wconf 86' lang='lat' dir='ltr'>mussten</span> <span class='ocrx_word' id='word_1_480' title='bbox 1417 2245 1482 2268; x_wconf 76' lang='lat' dir='ltr'>von</span> 
     </span>
     <span class='ocr_line' id='line_1_77' title="bbox 796 2281 1485 2323; baseline -0.001 -9"><span class='ocrx_word' id='word_1_481' title='bbox 796 2282 906 2314; x_wconf 89' lang='lat' dir='ltr'>einem</span> <span class='ocrx_word' id='word_1_482' title='bbox 924 2281 982 2314; x_wconf 88' lang='lat' dir='ltr'>der</span> <span class='ocrx_word' id='word_1_483' title='bbox 1001 2282 1148 2315; x_wconf 84' lang='lat' dir='ltr'>Consuln</span> <span class='ocrx_word' id='word_1_484' title='bbox 1166 2292 1228 2315; x_wconf 68' lang='lat' dir='ltr'>vor</span> <span class='ocrx_word' id='word_1_485' title='bbox 1245 2282 1321 2314; x_wconf 91' lang='lat' dir='ltr'>dem</span> <span class='ocrx_word' id='word_1_486' title='bbox 1339 2281 1485 2323; x_wconf 80' lang='lat' dir='ltr'>Abgang</span> 
     </span>
     <span class='ocr_line' id='line_1_78' title="bbox 796 2326 1483 2370; baseline -0.003 -10"><span class='ocrx_word' id='word_1_487' title='bbox 796 2328 829 2360; x_wconf 89' lang='lat' dir='ltr'>in</span> <span class='ocrx_word' id='word_1_488' title='bbox 868 2327 920 2360; x_wconf 89' lang='lat' dir='ltr'>die</span> <span class='ocrx_word' id='word_1_489' title='bbox 955 2327 1099 2360; x_wconf 69' lang='lat' dir='ltr'>Provinz</span> <span class='ocrx_word' id='word_1_490' title='bbox 1138 2327 1297 2370; x_wconf 85' lang='lat' dir='ltr'>gehalten</span> <span class='ocrx_word' id='word_1_491' title='bbox 1334 2326 1483 2368; x_wconf 72' lang='lat' dir='ltr'>werden,</span> 
     </span>
     <span class='ocr_line' id='line_1_79' title="bbox 797 2374 1485 2414; baseline -0.003 -8"><span class='ocrx_word' id='word_1_492' title='bbox 797 2384 822 2406; x_wconf 91' lang='grc'>5.</span> <span class='ocrx_word' id='word_1_493' title='bbox 850 2375 904 2409; x_wconf 85' lang='grc'>24,</span> <span class='ocrx_word' id='word_1_494' title='bbox 932 2375 980 2406; x_wconf 81' lang='lat' dir='ltr'>lo.</span> <span class='ocrx_word' id='word_1_495' title='bbox 1000 2374 1037 2411; x_wconf 76' lang='grc' dir='ltr'>2ς</span> <span class='ocrx_word' id='word_1_496' title='bbox 1061 2375 1115 2406; x_wconf 89' lang='lat'>27.</span> <span class='ocrx_word' id='word_1_497' title='bbox 1143 2376 1192 2409; x_wconf 88' lang='lat' dir='ltr'>ll.</span> <span class='ocrx_word' id='word_1_498' title='bbox 1216 2375 1244 2405; x_wconf 91' lang='lat'>7.</span> <span class='ocrx_word' id='word_1_499' title='bbox 1270 2392 1315 2396; x_wconf 95' lang='lat'>—</span> <span class='ocrx_word' id='word_1_500' title='bbox 1341 2375 1485 2414; x_wconf 66' lang='lat' dir='ltr'>quaest„</span> 
     </span>
     <span class='ocr_line' id='line_1_80' title="bbox 797 2417 1484 2461; baseline -0.003 -9"><span class='ocrx_word' id='word_1_501' title='bbox 797 2430 824 2451; x_wconf 78' lang='lat' dir='ltr'>c.</span> <span class='ocrx_word' id='word_1_502' title='bbox 852 2420 905 2452; x_wconf 61' lang='lat'>35.</span> <span class='ocrx_word' id='word_1_503' title='bbox 921 2419 951 2452; x_wconf 86' lang='lat'>3.</span> <span class='ocrx_word' id='word_1_504' title='bbox 977 2429 1109 2461; x_wconf 83' lang='lat' dir='ltr'>——per</span> <span class='ocrx_word' id='word_1_505' title='bbox 1134 2420 1266 2450; x_wconf 59' lang='lat' dir='ltr'>munia</span> <span class='ocrx_word' id='word_1_506' title='bbox 1292 2428 1400 2460; x_wconf 65' lang='lat' dir='ltr'>cone„</span> <span class='ocrx_word' id='word_1_507' title='bbox 1431 2417 1484 2451; x_wconf 88' lang='lat' dir='ltr'>die</span> 
     </span>
     <span class='ocr_line' id='line_1_81' title="bbox 795 2444 1482 2506; baseline 0 -9"><span class='ocrx_word' id='word_1_508' title='bbox 795 2463 1004 2506; x_wconf 78' lang='lat' dir='ltr'>Municipien</span> <span class='ocrx_word' id='word_1_509' title='bbox 1029 2444 1482 2502; x_wconf 54' lang='lat' dir='ltr'>c1ndx01l1ers.c.121.6;</span> 
     </span>
     <span class='ocr_line' id='line_1_82' title="bbox 802 2491 1482 2552; baseline -0.001 -9"><span class='ocrx_word' id='word_1_510' title='bbox 802 2512 851 2543; x_wconf 79' lang='lat'>18.</span> <span class='ocrx_word' id='word_1_511' title='bbox 867 2512 885 2543; x_wconf 91' lang='grc'>2</span> <span class='ocrx_word' id='word_1_512' title='bbox 912 2510 1004 2542; x_wconf 78' lang='lat' dir='ltr'>nicht</span> <span class='ocrx_word' id='word_1_513' title='bbox 1032 2514 1198 2552; x_wconf 86' lang='lat' dir='ltr'>genannt:</span> <span class='ocrx_word' id='word_1_514' title='bbox 1233 2503 1275 2542; x_wconf 91' lang='lat' dir='ltr'>ob</span> <span class='ocrx_word' id='word_1_515' title='bbox 1300 2491 1482 2542; x_wconf 81' lang='lat' dir='ltr'>dieselberi</span> 
     </span>
     <span class='ocr_line' id='line_1_83' title="bbox 797 2555 1484 2591; baseline 0 -3"><span class='ocrx_word' id='word_1_516' title='bbox 797 2556 861 2589; x_wconf 85' lang='lat' dir='ltr'>alle</span> <span class='ocrx_word' id='word_1_517' title='bbox 881 2555 963 2589; x_wconf 89' lang='lat' dir='ltr'>oder</span> <span class='ocrx_word' id='word_1_518' title='bbox 980 2566 1042 2588; x_wconf 90' lang='lat' dir='ltr'>nur</span> <span class='ocrx_word' id='word_1_519' title='bbox 1058 2555 1123 2591; x_wconf 86' lang='lat' dir='ltr'>die.</span> <span class='ocrx_word' id='word_1_520' title='bbox 1141 2556 1272 2589; x_wconf 82' lang='lat' dir='ltr'>welche</span> <span class='ocrx_word' id='word_1_521' title='bbox 1291 2555 1344 2588; x_wconf 88' lang='lat' dir='ltr'>die</span> <span class='ocrx_word' id='word_1_522' title='bbox 1363 2555 1484 2588; x_wconf 79' lang='lat' dir='ltr'>civitas</span> 
     </span>
     <span class='ocr_line' id='line_1_84' title="bbox 798 2601 1483 2644; baseline 0 -9"><span class='ocrx_word' id='word_1_523' title='bbox 798 2612 874 2635; x_wconf 80' lang='lat' dir='ltr'>cum</span> <span class='ocrx_word' id='word_1_524' title='bbox 893 2602 1052 2644; x_wconf 76' lang='lat' dir='ltr'>suffragio</span> <span class='ocrx_word' id='word_1_525' title='bbox 1071 2602 1191 2635; x_wconf 82' lang='lat' dir='ltr'>haben.</span> <span class='ocrx_word' id='word_1_526' title='bbox 1212 2601 1359 2644; x_wconf 84' lang='lat' dir='ltr'>gemeint</span> <span class='ocrx_word' id='word_1_527' title='bbox 1379 2602 1483 2635; x_wconf 88' lang='lat' dir='ltr'>seien.</span> 
     </span>
    </p>
   </div>
   <div class='ocr_carea' id='block_1_11' title="bbox 1226 2657 1275 2692">
    <p class='ocr_par' dir='ltr' id='par_1_15' title="bbox 1226 2657 1275 2692">
     <span class='ocr_line' id='line_1_85' title="bbox 1226 2657 1275 2692; baseline 0 -14"><span class='ocrx_word' id='word_1_528' title='bbox 1226 2657 1275 2692; x_wconf 78' lang='grc'>6*</span> 
     </span>
    </p>
   </div>
  </div>
 </body>
</html>
