1747 2844
204 75 284 114 146

676 74 713 106 LI
721 73 802 106 BER
827 72 975 106 xxxxn
982 99 988 106 .

1038 73 1131 106 CAP.
1159 75 1213 108 52.

1483 92 1508 111 a.
1529 92 1558 112 u.
1579 85 1641 111 583.

162 199 181 232 8
202 193 353 232 missos.
391 190 514 230 fallaci
537 189 677 228 deinde
699 189 911 241 conloquio
934 201 1004 241 per
1027 188 1196 240 speciem
1228 188 1542 228 reconciliandae
1572 202 1644 242 pa·-

205 250 259 289 cis
275 254 483 287 extractam
501 247 682 293 hiemem,
704 253 748 285 ut
765 252 920 298 tempus
935 246 981 284 ad
999 246 1293 297 conparandum
1311 245 1521 294 haherent3
1544 258 1641 285 con-

204 300 328 345 sulem
353 317 457 344 nunc
489 304 621 342 venire
643 316 732 342 cum
755 303 907 342 duabus
937 302 1159 354 legionibus
1180 302 1380 351 Romanis,
1406 315 1504 355 quae
1537 317 1561 338 ÷÷
1595 318 1642 351 κ,

205 369 382 402 trecenos
404 361 555 412 equites
576 360 764 408 habeant,
796 368 833 400 et
855 359 938 412 pari
968 360 1090 398 ferme
1113 371 1276 398 numero
1308 360 1507 399 sociorum
1530 360 1639 412 pedi-

163 426 182 458 9
206 426 287 458 tum
311 418 588 470 equitumque3
613 430 658 456 eo
681 423 724 456 ut
746 418 931 457 accedant
953 429 1089 467 regum
1112 416 1266 465 auxilia,
1290 417 1479 456 Eumenis
1501 423 1538 456 et
1559 416 1640 456 Ma-

204 476 379 521 sinissae,
401 488 480 514 non
504 474 592 527 plus
617 493 640 513 ÷÷
670 481 821 527 septem
843 474 945 513 milia
969 473 1167 526 peditum,
1200 473 1276 513 duo
1299 474 1476 526 equitum
1497 474 1641 513 futura.

151 541 188 573 10
203 533 342 572 auditis
362 532 536 571 hostium
559 532 684 584 copiis
704 532 949 584 respicerent
971 543 1085 570 suum
1104 530 1180 583 ipsi
1198 531 1425 580 exercitum,
1447 536 1640 583 quantum

204 603 382 637 numero,
413 596 602 641 quantum
634 602 777 640 genere
807 588 976 627 militum
1007 593 1252 640 praestarent
1282 588 1477 627 tironibus
1499 588 1642 640 raptim

203 647 249 686 ad
271 647 307 685 id
329 646 475 686 bellum
498 646 734 698 conscriptis
757 646 830 698 ipsi
852 659 871 684 a
897 645 1029 697 pueris
1052 645 1191 684 eruditi
1212 645 1362 684 artibus
1381 645 1562 694 militiae,
1585 651 1642 685 tot

151 713 184 744 11
204 704 354 743 subacti
375 711 490 755 atque
512 704 639 742 durati
660 703 784 742 bellis.
826 702 967 742 auxilia
989 701 1177 741 Romanis
1198 701 1327 754 Lydos
1349 709 1386 741 et
1406 702 1582 754 Phrygas
1605 710 1643 741 et

201 761 387 800 Numidas
404 774 501 807 csse,
524 760 596 800 sibi
613 760 784 800 Thracas
801 760 1023 812 Gallosque,
1046 759 1307 798 ferocissimas
1323 759 1514 810 gentium.
1536 772 1643 799 arma

203 818 288 857 illos
310 818 453 857 habere
476 831 531 865 ea,
556 830 654 869 quae
682 817 756 856 sibi
779 818 946 869 quisque
968 817 1162 869 paraverit
1194 829 1345 869 pauper
1365 815 1492 864 miles,
1514 816 1643 855 Mace-

202 876 325 914 donas
346 881 524 927 prompta
558 887 601 913 ex
633 874 740 925 regio
772 881 975 927 apparatu,
1006 886 1077 926 per
1099 879 1156 912 tot
1177 886 1304 912 annos
1325 873 1447 925 patris
1468 873 1528 912 sui
1550 886 1642 912 cura

150 939 187 972 12
205 939 238 972 et
262 933 426 984 inpensa
449 933 561 971 sacta.
603 937 863 971 commeatum
885 931 962 970 illis
983 943 1071 970 cum
1095 930 1246 983 procul,
1268 936 1351 970 tum
1370 929 1554 970 omnibus
1570 930 1643 970 sub

203 990 357 1029 casibus
387 989 590 1028 maritimis
620 990 723 1038 fore;
757 1002 798 1028 se
831 994 867 1028 et
888 988 1097 1041 pecuniam
1129 993 1166 1027 et
1190 988 1455 1035 frumentum,
1488 993 1644 1040 praeter

152 1048 352 1086 131·editus
381 1046 653 1094 mclallorum,
685 1047 725 1085 in
757 1047 892 1085 decem
922 1059 1049 1085 annos
1079 1045 1313 1097 seposuisse.

1367 1044 1497 1084 omnia
1510 1075 1520 1092 ,
1544 1057 1643 1096 quae

203 1104 366 1144 deorum
389 1103 646 1154 indulgentia,
669 1116 768 1155 quae
789 1104 895 1154 regia
918 1116 1010 1142 cura
1034 1102 1299 1154 praeparanda
1329 1101 1497 1150 fuerint,
1527 1102 1643 1154 plena

150 1169 187 1200 14
209 1162 483 1213 cumulataque
505 1161 648 1199 hahere
670 1161 914 1199 Macedonas.
955 1160 1129 1199 animum
1151 1159 1375 1198 habendum
1397 1172 1504 1204 esse,
1526 1171 1642 1211 quem

204 1219 413 1258 habuerint
440 1218 609 1256 maiores
641 1230 799 1263 eorum,
830 1218 897 1270 qui
917 1216 1077 1269 Europa
1100 1217 1207 1255 omni
1238 1216 1386 1255 domita
1407 1216 1643 1267 transgressi

203 1277 240 1315 in
259 1276 387 1315 Asiam
406 1275 651 1326 incognitum
673 1275 796 1314 famae
813 1274 1039 1327 aperuerint
1061 1273 1180 1313 armis
1198 1273 1334 1312 orbem
1356 1279 1547 1313 terrarum
1570 1285 1644 1312 nec

204 1379 262 1414 37;
288 1376 403 1414 milil.,
429 1377 482 1415 36,
501 1377 530 1408 8.
548 1395 590 1399 —
606 1386 706 1417 quae,
734 1375 798 1408 wie
814 1374 887 1407 dar-

203 1422 287 1455 nach
314 1421 366 1453 die
381 1421 462 1453 Zahl
485 1421 542 1454 der
556 1421 796 1454 Fusssoldaten
812 1430 887 1453 aus-

202 1467 367 1511 gedriickt
400 1477 559 1509 gewesen
591 1467 658 1508 sei,
695 1467 779 1500 lasst
815 1466 885 1499 sich

204 1513 297 1546 nicht
318 1513 530 1545 bestimmen.
557 1533 600 1536 -
626 1517 658 1544 et
679 1515 776 1555 pari,
802 1511 887 1544 auch

205 1559 289 1592 dazu
315 1558 357 1591 ist
384 1559 450 1591 wol
466 1569 543 1590 eum
558 1569 598 1590 zu
617 1558 761 1599 denkcn,
788 1570 816 1591 c.
834 1560 887 1599 47,

205 1609 236 1646 Ξ),
268 1604 338 1647 vgl.
376 1606 407 1645 3,
433 1606 466 1645 5,
492 1605 528 1641 S;
565 1604 646 1636 iiber
671 1604 725 1636 die
750 1603 831 1636 Zahl
858 1614 886 1636 c.

205 1653 258 1691 31,
285 1652 315 1684 3.
342 1669 386 1672 -
411 1661 449 1682 eo
465 1655 515 1690 ut,
541 1652 731 1688 s.c.60,6:
749 1652 888 1692 gesetzt,

205 1696 282 1729 dass
308 1695 393 1728 dazu
420 1706 517 1734 nsw.‚
541 1699 670 1738 septem
695 1694 887 1728 istverdor-

204 1742 269 1775 ben
296 1741 349 1774 od.
377 1743 483 1774 etwas
511 1741 731 1784 ausgefallen.

255 1811 396 1842 10—11.
413 1809 557 1849 audilis,
573 1808 887 1851 iiberdie'l‘ruppen

205 1856 263 1888 der
288 1855 334 1895 F„
360 1865 391 1887 n.
417 1864 488 1887 was
514 1865 554 1886 zu
581 1864 684 1897 sagea
711 1864 792 1894 war,
828 1854 888 1886 das

204 1901 363 1943 Nothige,
377 1900 498 1943 gehort
512 1900 638 1932 hatten.
656 1919 700 1923 —
715 1903 886 1941 quantum

206 1951 285 1985 etc,
323 1946 518 1989 Epexegese
552 1956 591 1977 zu
619 1956 721 1977 suum
759 1956 887 1985 avora,

205 1993 292 2025 noch
318 2002 384 2024 von
411 1991 486 2024 dem
514 1991 659 2033 Begriffe
685 1991 744 2024 des
764 1991 888 2023 Erizen-

205 2048 289 2071 nens
314 2038 346 2070 in
360 2039 536 2079 respicere
549 2037 729 2079 abban-gig.
745 2056 787 2060 ——-
803 2039 888 2068 liro-

205 2085 288 2125 πίω,
313 2083 390 2116 weil
409 2082 493 2115 nach
511 2082 569 2115 der
582 2082 794 2125 Regeljedes
808 2082 890 2115 Jahr

204 2129 420 2171 ausgehoben
448 2128 575 2167 wurde,
600 2140 627 2161 c.
643 2131 697 2169 55,
717 2131 748 2169 3,
773 2129 841 2170 vgl.
861 2139 890 2161 c.

207 2174 296 2207 34111
322 2194 366 2198 —
391 2177 538 2213 subaeli,
564 2174 668 2217 geiibt
692 2174 796 2207 durch
822 2176 889 2206 An—

206 2226 453 2263 strengungen,
488 2219 554 2252 Cic.
580 2220 633 2252 Or.
668 2221 699 2259 2,
726 2222 780 2260 30,
811 2221 888 2253 131:

207 2268 350 2298 subacto
377 2267 543 2307 ingemo,-
569 2266 709 2304 {lm-ati,
744 2267 798 2305 23,
838 2267 890 2305 18,

213 2314 260 2344 10.
287 2331 329 2334 —
355 2310 444 2353 Lyd.
472 2315 504 2342 et
529 2312 674 2354 Phryga,
700 2311 753 2344 die
771 2311 891 2344 Unter-

208 2357 332 2389 thanen
358 2356 416 2390 des
429 2357 606 2398 Eumenes,
633 2357 702 2399 vgl.
718 2359 774 2396 35,
788 2359 842 2394 49,
858 2359 889 2391 8.

256 2426 398 2458 11—13.
426 2436 537 2465 arma,
563 2426 593 2465 9,
625 2427 674 2466 19,
701 2427 739 2464 7;
766 2427 888 2463 31‚34.

209 2489 252 2493 -—
286 2481 578 2512 quae—parav„
612 2481 649 2503 so
677 2481 746 2503 war
779 2481 814 2503 es
845 2471 890 2503 im

210 2515 459 2558 Allgemeinen;
494 2515 572 2549 dass
598 2516 651 2549 die
676 2516 890 2557 Proletarier,

210 2570 309 2594 wenn
335 2560 382 2593 sie
408 2560 554 2603 dientem,
588 2572 615 2594 s.
643 2572 671 2594 c.
699 2564 753 2603 34,
781 2563 811 2604 2,
837 2561 890 2594 die

957 1374 1089 1406 Waffen
1103 1384 1181 1406 vom
1193 1372 1308 1406 Siaate
1324 1371 1549 1416 empfiengen,
1559 1371 1644 1406 Gell.

960 1421 1012 1461 16,
1041 1421 1091 1461 10,
1122 1421 1181 1456 13;
1207 1418 1321 1461 Lange
1348 1420 1378 1460 1,
1402 1419 1482 1459 433,
1505 1417 1574 1450 und
1597 1417 1643 1450 im

957 1465 1078 1507 Kriege
1104 1464 1157 1496 die
1172 1464 1301 1497 Wafsen
1327 1473 1388 1496 aus
1401 1462 1642 1506 Zeughz'iusern

956 1511 1109 1553 bezogen
1135 1509 1286 1551 wurden,
1320 1520 1346 1543 s.
1374 1510 1427 1549 29,
1454 1510 1509 1550 22,
1536 1510 1571 1548 3;
1599 1509 1642 1542 ib.

958 1559 1013 1598 35,
1039 1558 1057 1590 S
1078 1567 1110 1588 u.
1127 1565 1168 1598 a.,
1193 1555 1300 1598 Marq.
1327 1557 1359 1596 3,
1386 1556 1416 1597 2,
1443 1557 1503 1597 743
1531 1556 1595 1589 239
1610 1554 1645 1596 f.,

958 1601 1089 1635 kommt
1115 1601 1207 1634 nicht
1232 1601 1266 1633 in
1292 1600 1461 1633 Betracht.
1489 1620 1528 1624 -
1555 1611 1644 1641 pau-

957 1659 1032 1691 per,
1059 1647 1130 1680 also
1157 1657 1218 1680 nur
1244 1645 1433 1688 schlechte,
1466 1645 1647 1679 unschein-

958 1694 1050 1733 bare,
1075 1692 1228 1736 dagegen
1243 1691 1500 1735 regio-facta,
1525 1701 1646 1735 ausge-

959 1739 1152 1780 zeichnete,
1187 1737 1385 1781 glanzende,
1418 1747 1445 1770 s.
1472 1747 1500 1770 c.
1529 1738 1581 1778 12,
1606 1739 1644 1776 83

959 1787 1015 1825 44,
1028 1787 1084 1825 41,
1099 1786 1128 1817 2.
1155 1803 1199 1807 -
1211 1785 1276 1816 suh
1303 1794 1330 1816 c.
1342 1804 1364 1806 —
1378 1783 1470 1825 fore,
1498 1793 1525 1816 c.
1541 1785 1596 1824 50,
1611 1785 1644 1817 5.

958 1849 1002 1853 —
1027 1833 1181 1872 praeter,
1208 1829 1400 1872 abgesehen
1427 1839 1506 1872 von,
1531 1839 1560 1862 c.
1593 1830 1645 1870 12,

959 1878 991 1909 9.
1027 1895 1071 1898 —
1097 1875 1170 1907 dec.
1197 1886 1292 1913 ann„
1323 1874 1439 1908 lustin.
1466 1876 1520 1915 33,
1550 1877 1578 1916 1,
1606 1877 1642 1908 3:

959 1921 1084 1953 Perseo
1100 1940 1127 1943 —
1144 1921 1309 1952 decennis
1328 1919 1412 1952 belle·
1435 1924 1598 1962 sumptus
1623 1931 1644 1951 α

956 1971 1062 2009 patre
1082 1970 1236 2009 paratus
1263 1968 1299 1998 in
1315 1966 1492 1998 thesauris
1506 1968 1540 1998 et
1564 1966 1644 1997 Ιιον-

959 2014 1030 2045 reis
1055 2016 1143 2044 erat.

1009 2060 1151 2092 14--16.
1178 2059 1347 2099 animum,
1372 2066 1439 2089 von
1458 2056 1646 2095 mehreren,

961 2115 987 2137 s.
1017 2106 1045 2146 1,
1072 2105 1126 2143 25,
1152 2105 1190 2141 33
1216 2103 1249 2135 in
1265 2102 1296 2136 d.
1311 2102 1384 2136 hds.
1410 2104 1567 2134 animum
1583 2103 1644 2135 lios

960 2150 1044 2193 liegt
1069 2149 1161 2182 viell.
1178 2159 1238 2183 an.
1252 2151 1312 2181 eis.
1327 2152 1527 2188 —maz'oreS,
1558 2146 1643 2181 Iust.

958 2195 980 2229 l.
1008 2195 1047 2228 l.:
1086 2199 1237 2227 valerem
1262 2193 1466 2226 Alexandri
1486 2194 1644 2235 gloriam

960 2241 1192 2273 consider-are
1215 2251 1297 2272 suos
1321 2239 1472 2271 iubebat.
1495 2257 1541 2262 —-
1564 2238 1644 2270 Eu·-

962 2297 1050 2332 rop.,
1077 2290 1118 2319 st.
1136 2285 1299 2327 Graecia,
1328 2283 1491 2316 Thracia.
1522 2306 1557 2309 -—
1586 2284 1643 2323 sa-

960 2344 1056 2373 mae,
1093 2332 1151 2364 der
1174 2330 1356 2364 Kenntniss
1381 2328 1440 2362 der
1463 2329 1649 2373 Europaer,

960 2377 1123 2411 Griechen
1150 2376 1330 2416 u.R6mer,
1355 2374 1445 2407 kann
1460 2385 1502 2407 zu
1516 2377 1644 2418 incog-

960 2426 1073 2456 nilum
1100 2422 1167 2456 und
1193 2432 1232 2455 zu
1257 2423 1467 2464 aperuerint
1490 2431 1643 2464 gezogen

960 2469 1111 2510 werden,
1137 2470 1193 2508 36,
1220 2470 1270 2508 17,
1311 2469 1364 2500 14:
1403 2466 1644 2499 Asiam-cm-

959 2517 1060 2558 perz'o
1070 2513 1228 2546 Romano
1243 2516 1442 2554 aperturos.
1458 2531 1500 2536 -
1515 2512 1643 2552 orbem,

960 2561 1029 2604 vgl.
1056 2559 1237 2592 Tae.Anii.
1266 2561 1297 2600 2,
1324 2560 1361 2592 2:
1389 2558 1460 2590 alto
1487 2569 1532 2590 εκ
1550 2558 1645 2592 orbe.
