1779 2893
63 156 90 175 a.
111 147 164 175 Ch.
188 147 244 174 185.
275 189 281 193 ι

531 133 656 166 LIBER
681 133 827 167 XXXIX.

879 133 1051 168 CAP.3L
1448 131 1496 170 61

64 259 292 305 spexerunt,
310 256 366 298 ut,
388 249 618 302 priusquam
636 261 677 288 se
699 250 863 300 iungere
885 254 1002 300 atque
1018 249 1215 289 instruere
1237 256 1412 301 possent,
1436 262 1502 288 oc-

64 314 257 362 cuparent
287 320 378 349 eos.
411 307 548 347 castris
569 314 733 358 repente
765 306 876 345 effusi
899 318 1018 345 cursu
1041 307 1088 346 ad
1119 319 1290 358 pugnam
1321 307 1499 346 tendunt.

3 380 7 395 ³
63 373 175 407 atrox
195 366 235 405 in
257 364 454 417 principio
472 363 665 416 proelium
689 364 763 402 fuit
784 370 820 403 et
842 363 1028 414 Hispanis
1050 365 1199 403 recenti
1217 364 1376 404 victoria
1399 365 1502 404 fero·
1524 372 1542 403 2

63 423 176 464 cibus
198 430 236 462 et
251 423 404 462 insueta
426 421 641 473 ignominia
663 421 784 460 milite
805 420 982 460 Romano
1005 433 1186 460 accenso.
1217 422 1405 461 acerrime
1423 435 1504 461 me-
1525 429 1543 461 3

62 481 124 521 dia
145 481 262 527 acies,
284 480 382 518 duae
402 479 638 518 fortissimae
660 478 848 530 legiones,
872 478 1129 527 dimicabant3
1161 491 1258 529 quas
1281 491 1368 518 cum
1393 479 1504 518 aliter

61 538 208 578 moveri
233 538 321 577 loco
347 550 426 576 non
446 549 563 589 posse
580 535 704 574 hostis
723 542 915 583 cerneret,
939 548 1066 575 cuneo
1083 535 1225 575 institit
1244 549 1445 588 pugnare;
1465 543 1503 576 et

61 608 190 648 usque
210 594 345 647 plures
366 594 707 645 confertioresque
729 593 877 632 medios
895 593 1101 645 urgebant.
1143 593 1195 632 ibi
1216 601 1425 645 postquam
1449 594 1502 633 la·
1524 602 1543 633 4

60 653 202 693 horare
223 652 345 692 aciem
368 650 605 703 Calpurnius
627 656 786 702 praetor
809 651 920 697 vidit,
952 650 996 689 T.
1019 650 1277 697 Quinctilium
1301 650 1442 690 Varum
1466 658 1500 690 et

61 710 105 749 L.
128 709 348 749 Iuventium
371 709 560 748 Thalnam
590 707 739 759 legatos
769 708 814 747 ad
838 708 1013 759 singulas
1035 707 1211 758 legiones
1241 708 1502 748 adhortandas

61 779 233 820 propere
253 766 391 814 mittit3
415 766 556 805 docere
579 773 617 804 et
639 778 800 804 monere
816 765 925 805 iubet
946 766 986 804 in
1010 766 1086 805 illis
1109 778 1220 817 spem
1238 778 1394 804 omnem
1418 766 1502 805 vin·
1525 776 1543 806 5

60 824 175 864 cendi
196 829 234 863 et
253 824 482 863 retinendae
504 823 716 875 Hispaniae
736 835 840 862 esse:
874 823 905 861 si
928 822 982 861 illi
1003 823 1090 862 loco
1114 823 1272 870 cedant,
1305 823 1501 862 neminem

60 881 145 922 eius
166 881 363 921 exercitus
384 894 465 920 non
488 881 604 920 modo
627 880 789 927 ltaliam,
811 881 877 919 sed
902 893 950 919 ne
973 880 1068 931 Tagi
1091 880 1248 932 quidem
1272 880 1501 919 ulteriorem

59 939 184 991 ripam
207 951 381 990 unquam
408 938 594 977 visurum.

648 937 732 989 ipse
755 950 844 976 cum
873 937 1071 989 equitibus
1104 939 1269 976 duarum
1300 937 1502 988 legionum
1524 946 1543 979 6

59 996 236 1048 paullum
259 996 545 1035 circumvectus
575 995 613 1034 in
639 1007 809 1034 cuneum
832 995 1026 1043 hostium,
1061 994 1127 1046 qui
1150 995 1314 1034 mediam
1340 995 1504 1047 urgebat

60 1054 197 1101 aciem,
219 1052 266 1093 ab
288 1053 408 1092 latere
431 1052 612 1094 incurrit.
654 1052 863 1097 Quinctius
887 1065 976 1091 cum
1000 1052 1081 1090 suis
1113 1052 1313 1103 equitibus
1335 1052 1501 1092 alterum
1525 1063 1540 1092 ἲ

59 1111 232 1150 hostium
248 1109 350 1149 latus
367 1110 525 1149 invadit.
558 1110 626 1148 sed
638 1109 755 1160 longe
772 1110 900 1148 acrius
913 1107 1167 1161 Calpurniani
1185 1110 1336 1160 equites
1349 1122 1502 1162 pugna-

58 1167 166 1216 bant,
189 1174 229 1207 et
258 1173 416 1219 praetor
445 1173 535 1206 ante
557 1167 676 1206 alios:
711 1179 799 1206 nam
822 1172 859 1205 et
891 1167 1042 1218 primus
1064 1167 1215 1205 hostem
1249 1168 1445 1219 percussit
1467 1174 1503 1206 et
1524 1177 1543 1210 s

59 1225 112 1264 ita
134 1237 177 1264 se
198 1224 400 1264 inmiscuit
419 1225 580 1273 mediis,
604 1231 645 1264 ut
666 1224 741 1271 vix,
763 1225 891 1263 utrius
914 1224 1034 1275 partis
1057 1230 1181 1272 esset,
1209 1224 1321 1264 nosci
1343 1231 1500 1276 posset;

59 1287 97 1322 et
113 1282 267 1334 equites
283 1283 476 1334 praetoris
492 1282 631 1322 eximia
648 1281 788 1322 virtute
811 1290 846 1320 et
864 1282 1040 1333 equitum
1057 1281 1207 1332 pedites
1222 1282 1378 1321 accensi
1395 1288 1500 1321 sunt.
1524 1294 1544 1326 9

58 1361 179 1393 berum
197 1364 273 1402 etc,
291 1359 481 1402 Erklarung
497 1371 529 1393 u.
549 1359 652 1402 Folge
678 1370 744 1392 von

58 1409 231 1449 apertum,
255 1405 325 1448 vgl.
352 1407 406 1447 33,
421 1407 474 1442 37,
489 1407 519 1438 2.

104 1495 160 1532 31.
212 1499 310 1531 1—3.
343 1507 521 1539 occupar„
558 1497 679 1529 vorher
712 1497 745 1529 in

56 1543 236 1586 Anspruch
285 1543 430 1575 nahmen
448 1568 456 1583 ,
506 1542 746 1576 fiberraschen.

58 1588 148 1622 Curt.
176 1590 207 1629 3,
230 1590 261 1629 3.
289 1590 337 1621 19.
363 1607 407 1611 —
431 1588 539 1628 effitsz'
569 1588 657 1621 ohne
691 1600 745 1620 αι’.

60 1645 85 1668 s.
113 1636 167 1675 40,
191 1636 244 1676 31,
267 1636 299 1675 4,
324 1632 478 1676 haufiger
501 1633 561 1666 mit
587 1634 645 1666 der
667 1633 748 1666 Pro-

56 1680 179 1724 posit.;
213 1679 334 1713 anders
359 1680 470 1720 effuso
497 1689 616 1720 eursu,
647 1681 676 1719 2.
693 1682 746 1714 50.

56 1728 88 1767 6,
122 1737 153 1759 ιι.
185 1726 213 1758 a.
237 1745 283 1748 —
306 1727 344 1757 in
373 1727 552 1768 princip..·
585 1725 745 1758 wahl-end

56 1770 115 1804 der
132 1774 246 1804 ersten
263 1770 335 1804 Zeit
355 1771 414 1804 des
432 1770 606 1814 Kampfes,
633 1782 657 1804 s.
679 1771 744 1804 Cic.

56 1816 110 1850 Or.
140 1820 168 1859 1,
191 1819 246 1858 48,
269 1818 352 1850 209:
383 1817 480 1859 quod
504 1819 540 1848 in
563 1819 745 1860 princ-ipio

54 1862 138 1904 fieri
172 1864 210 1894 in
248 1864 410 1895 omnihus
445 1863 747 1905 dtis-putationibus

56 1911 220 1951 oportere
260 1919 409 1949 censeo;
446 1908 534 1942 Curt.
574 1910 605 1949 6,
632 1910 684 1951 29,
711 1911 742 1946 4,

56 1958 153 1988 sonst
177 1954 271 1987 mehr
292 1956 486 1998 principio,
512 1964 538 1987 c.
566 1956 620 1988 33.
645 1956 671 1988 1.
698 1975 743 1978 -—

53 1999 175 2042 feroc„
202 2002 232 2041 1,
258 2002 289 2041 Τ,
315 2003 353 2039 53
380 2001 411 2041 2,
437 2001 491 2034 56.
518 2002 555 2032 7:
588 1999 741 2039 ferocem

53 2044 213 2084 faciebat
234 2045 317 2078 belli
335 2045 481 2088 gloriam
507 2045 573 2078 Cic.
593 2046 682 2079 Fam.
710 2048 741 2080 4.

55 2092 87 2133 9,
104 2094 141 2124 3:
167 2093 320 2123 victoria
343 2111 388 2114 —
413 2102 471 2123 eos
494 2093 589 2134 ipsos
611 2091 742 2130 feroce*-

55 2147 135 2169 ores
166 2137 309 2177 reddit;
341 2136 374 2170 L.
401 2138 501 2177 3.70‚
518 2139 578 2174 10;
604 2137 658 2170 die
675 2137 738 2170 ΜΖ.

54 2182 135 2216 Hds.
160 2182 219 2216 hat
251 2182 407 2224 inflatis,
441 2182 506 2215 wie
542 2182 596 2215 die
620 2182 744 2216 Veron.

54 2231 88 2270 4,
103 2230 157 2270 54,
172 2230 202 2261 8.
228 2228 297 2271 vgl.
323 2230 377 2270 37,
397 2229 491 2268 124.
517 2247 562 2251 —
586 2227 745 2261 Romano

56 2274 241 2307 chiastisch
259 2285 299 2307 zu
314 2274 635 2316 Hispanam-duae
647 2274 745 2316 fort„

0 2328 26 2352 ·.
56 2318 110 2352 die
125 2319 249 2353 beiden
266 2329 304 2353 so
322 2319 488 2363 tapferen,
513 2330 538 2352 s.
559 2330 584 2352 c.
613 2322 667 2362 30,
688 2321 744 2359 12;

57 2366 110 2407 38,
125 2367 180 2408 36,
195 2367 232 2404 3;
258 2365 347 2399 doch
370 2365 447 2398 sind
471 2376 498 2398 c.
525 2367 580 2405 20,
595 2367 614 2399 3
633 2367 744 2399 20000

54 2409 99 2445 Μ.
140 2410 449 2454 Bundesgenossen
497 2411 551 2444 fur
595 2410 744 2455 Spanien

57 2457 296 2499 ausgehohen;
329 2456 462 2490 welche
486 2457 521 2490 L.
554 2457 627 2490 hier
651 2457 742 2490 nicht

57 2502 230 2545 erwfihnt,
263 2512 303 2535 zu
337 2512 365 2535 c.
393 2504 447 2545 38,
475 2505 527 2536 11.
552 2522 596 2527 —
622 2514 744 2545 cuneo,

55 2549 113 2589 40,
137 2549 192 2590 40,
218 2550 247 2581 7.
273 2567 318 2572 —
341 2550 452 2581 instit.
482 2551 535 2590 35,
563 2551 616 2588 ιι,
643 2551 672 2582 3.
700 2568 744 2572 -

56 2603 167 2635 usque
176 2593 288 2636 plur„
300 2593 354 2627 die
367 2593 522 2627 hinteren
536 2593 666 2627 Reihen
685 2594 743 2627 des

58 2648 186 2672 cuneus
195 2638 337 2672 wurden
346 2640 465 2673 immer
474 2639 609 2681 breiter,
620 2639 688 2682 vgl.
701 2650 742 2672 zu

817 1361 870 1396 23,
889 1362 940 1399 13,
957 1361 992 1392 S:
1013 1360 1155 1401 longius
1172 1371 1301 1401 nsque:
1320 1370 1355 1392 es
1370 1360 1500 1392 sclieint

816 1416 878 1438 nur
896 1405 964 1438 ein
984 1415 1111 1438 cuneus
1130 1405 1273 1448 gedacht
1295 1416 1334 1438 zu
1353 1406 1502 1447 werden,

817 1462 841 1483 s.
916 1456 945 1484 6.

863 1451 961 1530 -Ιῧ-θ.
992 1497 1130 1537 Quinc-t.
1154 1516 1197 1520 —
1222 1497 1370 1538 lucent„
1394 1508 1421 1529 v.
1449 1498 1502 1534 35,

817 1545 846 1575 4.
875 1542 1026 1584 legatos,
1059 1542 1151 1575 viell.
1185 1543 1290 1575 sehon
1319 1543 1407 1582 jetzt
1438 1542 1502 1575 den

816 1587 998 1621 Praetoren
1024 1598 1103 1621 vom
1129 1587 1254 1621 Senate
1279 1588 1503 1630 beigegeben.

817 1634 908 1666 nicht
947 1645 1014 1667 von
1048 1634 1164 1667 diesen
1201 1645 1264 1667 nur
1298 1634 1504 1676 beauftragt,

816 1690 840 1712 s.
874 1682 1048 1714 36.17.1:
1073 1679 1261 1713 Mommsen
1288 1678 1353 1713 Str.
1381 1680 1503 1714 2557.

815 1745 860 1749 —
885 1726 1028 1768 singul„
1048 1727 1085 1767 je
1112 1726 1209 1759 einen
1236 1736 1277 1758 an
1304 1726 1506 1767 eine—illi,

818 1783 841 1804 s.
870 1782 895 1804 e.
926 1773 1047 1806 26.10.
1074 1782 1114 1804 an
1134 1783 1164 1805 u.
1185 1770 1246 1813 St„
1272 1771 1351 1804 weil
1374 1771 1427 1804 die
1444 1771 1505 1804 Le-

816 1821 918 1859 gaten
944 1817 997 1850 die
1022 1817 1141 1850 Worte
1172 1817 1230 1850 des
1256 1816 1393 1850 Prators
1424 1818 1506 1850 wie—

816 1862 977 1896 derholen
995 1863 1114 1896 sollen.
1133 1883 1179 1887 —
1195 1865 1334 1896 nemim.
1351 1874 1378 1895 e.
1397 1875 1504 1904 exer„

814 1918 850 1942 es
876 1909 918 1942 ist
946 1920 986 1941 an
1013 1909 1066 1942 die
1088 1909 1274 1942 Einzelnen
1300 1919 1341 1942 zu
1359 1909 1504 1951 denken,

814 1955 879 1988 wie
913 1965 976 1987 nee
1013 1975 1057 1979 —
1095 1957 1281 1997 quisquam
1324 1954 1504 1987 Romanae

813 2002 1018 2042 inventutis,
1048 2005 1074 2035 1.
1091 2003 1144 2034 39.
1161 2003 1191 2043 4,
1218 2001 1286 2043 vgl.
1306 2011 1406 2033 nemo
1433 2011 1505 2033 om-

812 2049 912 2078 nium
938 2049 992 2088 42,
1012 2049 1065 2081 36.
1082 2049 1119 2083 ὃς
1144 2048 1244 2088 26,2.
1271 2049 1320 2079 10.
1348 2049 1383 2078 in
1412 2057 1504 2087 cun„

812 2092 866 2125 die
908 2091 1228 2134 Schlachtordnung
1268 2092 1326 2125 der
1367 2092 1503 2133 Feinde,

812 2137 866 2170 die
885 2138 934 2171 als
947 2138 1022 2171 Keil
1041 2149 1126 2171 usw.
1141 2158 1187 2161 —
1201 2149 1279 2170 cum
1296 2140 1369 2169 suis
1387 2141 1505 2180 equit„

815 2183 882 2225 vgl.
909 2183 930 2226 ξ
961 2186 1017 2222 18ς
1052 2184 1092 2217 da
1127 2184 1179 2217 die
1206 2183 1320 2217 Reiter
1353 2183 1411 2216 der
1444 2183 1505 2216 Le-

815 2229 938 2271 gionen
973 2240 1009 2262 so
1036 2230 1122 2262 eben
1148 2230 1301 2262 erwahnt
1337 2229 1430 2266 sind,
1465 2239 1503 2262 so

815 2284 908 2307 muss
934 2274 1005 2307 hier
1031 2286 1071 2308 an
1099 2275 1151 2308 die
1170 2275 1228 2307 der
1244 2277 1333 2307 socii
1357 2274 1504 2316 gedacht

815 2319 972 2361 werden,
999 2331 1026 2353 c.
1054 2323 1107 2362 20,
1131 2323 1169 2354 3:
1200 2322 1304 2353 sociis
1329 2339 1373 2343 ——
1398 2322 1504 2363 impe-

815 2369 949 2398 ramat
982 2369 1204 2408 octingentos
1242 2368 1374 2408 equites
1385 2392 1393 2407 ,
1434 2366 1502 2409 vgl.

816 2413 869 2446 26.
895 2414 924 2449 5.
940 2413 969 2444 S.
995 2431 1039 2435 —
1067 2412 1245 2454 Calpur-n„
1272 2413 1302 2444 2.
1328 2413 1379 2451 1⁸5,
1401 2414 1431 2445 4.
1458 2431 1504 2436 —

814 2461 855 2489 ut
885 2476 929 2480 —-
960 2461 1095 2499 posset,-
1129 2468 1153 2490 s.
1184 2457 1279 2490 Hom.
1313 2456 1347 2489 Il.
1383 2459 1415 2498 5,
1441 2459 1503 2491 85:

822 2499 994 2544 Τυδείδην
1028 2499 1061 2534 δ’
1089 2499 1152 2535 οὐκ
1177 2497 1222 2535 ἂν
1246 2506 1369 2548 γνοίης
1398 2505 1503 2536 ποτέ·

837 2559 910 2581 οισι
946 2551 1078 2592 μετείη.
1116 2567 1160 2571 -
1197 2550 1305 2590 nosci,
1342 2548 1507 2591 dignosci

814 2561 921 2627 findet
938 2594 1010 2626 sich
1028 2598 1096 2627 erst
1114 2594 1168 2626 bei
1187 2593 1353 2637 Spateren
1377 2606 1409 2628 u.
1437 2595 1500 2628 den

814 2639 984 2673 Dichtern.
999 2659 1042 2664 —
1057 2641 1162 2673 eoeim.
1177 2642 1258 2673 virt.
1276 2640 1397 2683 gehort
1415 2640 1503 2673 auch
