1747 2844
194 84 283 135 120,

678 87 803 121 LIBER
826 87 960 122 XXXX.
1009 88 1102 122 CAP.
1127 92 1158 124 5.

1465 106 1491 126 a.
1511 105 1538 125 u.
1559 98 1620 125 572.

192 215 258 243 rae
269 203 374 243 brevi
385 203 430 242 ab
443 203 626 242 omnibus
637 203 709 242 diis
720 203 931 246 exauditae,
946 209 989 242 ut
996 205 1160 243 saeviret
1175 205 1260 256 ipse
1276 204 1315 243 in
1331 215 1446 242 suum
1462 204 1620 255 sangui-

152 266 172 299 2
195 273 305 307 nem,
332 260 556 299 effecerunt.
579 260 747 299 Perseus
773 261 877 299 enim
903 272 991 298 cum
1007 261 1047 300 in
1066 262 1147 300 dies
1171 261 1293 311 magis
1321 265 1499 300 cerneret
1515 261 1619 300 favo-

191 329 274 356 rem
292 323 330 355 et
346 317 571 368 dignitatem
588 316 774 356 Demetrii
790 317 918 356 fratris
933 317 1035 369 apud
1052 318 1343 357 multitudinem
1362 317 1620 378 Macedonum

191 385 368 412 crescere
389 380 427 413 et
443 373 602 425 gratiam
620 374 722 425 apud
740 374 950 421 Romanos,
967 374 1040 413 sibi
1056 387 1165 426 spem
1191 375 1337 414 nullam
1352 374 1465 426 regni
1481 386 1623 427 super-

192 443 278 470 esse
301 430 376 469 nisi
399 430 438 469 in
461 430 607 470 scelere
628 438 756 477 ratus,
779 431 825 470 ad
846 431 882 469 id
905 443 1030 470 unum
1053 444 1189 470 omnes
1211 432 1468 483 cogitationes
1488 431 1621 472 inten-

150 492 169 524 3
191 487 258 526 dit.
301 492 474 526 ceterum
507 500 593 527 cum
625 501 665 527 se
687 501 736 527 ne
765 488 810 527 ad
834 487 872 526 id
894 487 1073 539 quidem,
1096 489 1199 540 quod
1222 488 1403 528 muliebri
1429 488 1623 539 cogitabat

191 544 321 583 animo
336 574 346 591 ,
378 545 470 584 satis
499 557 568 596 per
590 557 631 583 se
652 545 818 584 validum
842 545 1038 593 crederet,
1065 545 1242 596 singulos
1264 546 1478 585 amicorum
1500 545 1624 597 patris

149 607 170 638 4
190 607 383 652 temptare
413 601 661 659 sermonibus
692 601 888 653 perplexis
910 602 1063 642 institit.
1105 609 1141 642 et
1160 602 1288 654 primo
1310 602 1467 653 quidam
1494 614 1539 641 ex
1558 601 1620 642 his

189 659 483 710 aspernantium
515 658 587 697 tale
620 658 827 709 quicquam
851 658 1119 710 praebuerunt
1139 659 1308 710 speciem
1323 690 1332 708 ‚
1360 658 1449 710 quia
1470 658 1559 710 plus
1579 659 1622 698 in

148 720 167 752 5
188 714 386 754 Demetrio
419 716 502 766 spei
532 715 750 767 ponebant3
781 715 921 754 deinde
942 722 1143 755 crescente
1165 715 1205 756 in
1228 715 1309 755 dies
1337 715 1510 767 Philippi
1532 715 1623 755 odio

189 771 229 810 in
260 772 479 819 Romanos,
504 772 565 811 cui
589 772 755 811 Perseus
777 772 1017 823 indulgeret,
1035 772 1256 812 Demetrius
1286 784 1436 812 summa
1458 784 1532 823 ope
1554 771 1621 812 ad-

188 835 430 875 versaretur,
453 829 739 880 prospicientes
760 829 890 868 animo
913 830 1058 869 exitum
1080 830 1226 868 incauti
1247 842 1266 868 a
1289 829 1424 868 fraude
1452 829 1622 868 fraterna

188 884 353 933 iuvenis,
376 886 649 934 adiuvandum,
673 886 776 937 quod
798 887 975 925 futurum
997 892 1089 933 erat,
1112 887 1185 926 rati
1206 886 1491 937 fovendamque
1511 898 1621 937 spem

149 947 169 979 6
190 943 437 994 potentioris,
456 943 600 982 Perseo
619 955 660 981 se
677 943 909 994 adiungunt.
933 948 1060 982 cetera
1077 943 1118 982 in
1137 956 1252 982 suum
1269 955 1448 994 quaeque
1464 948 1620 995 tempus

188 999 336 1050 agenda
359 1000 566 1047 differunt;
591 1000 630 1038 in
653 1001 874 1051 praesentia
896 1000 1023 1052 placet
1044 1000 1151 1039 omni
1173 1013 1247 1051 ope
1269 1000 1309 1039 in
1338 999 1537 1039 Romanos
1558 1012 1623 1039 ac-

190 1056 303 1095 cendi
328 1068 457 1107 regem
480 1057 697 1107 inpellique
719 1057 765 1096 ad
787 1057 949 1096 consilia
966 1057 1071 1105 belli,
1094 1057 1142 1096 ad
1164 1069 1264 1108 quae
1286 1056 1361 1096 iam
1391 1069 1460 1096 sua
1481 1061 1624 1108 sponte

146 1119 164 1151 7
187 1113 360 1152 animum
384 1114 621 1152 inclinasset.
665 1113 780 1152 simul
802 1120 843 1152 ut
864 1114 1086 1153 Demetrius
1107 1115 1147 1153 in
1170 1113 1253 1152 dies
1268 1114 1490 1164 suspectior
1507 1119 1622 1162 esset,

188 1181 234 1208 ex
256 1171 475 1221 composito
497 1182 699 1209 sermones
720 1170 765 1209 ad
785 1183 868 1209 rem
890 1171 1157 1210 Romanorum
1188 1170 1404 1209 trahebant.
1454 1170 1507 1209 ibi
1533 1182 1622 1209 cum

188 1226 252 1265 alii
283 1239 412 1266 mores
435 1232 472 1266 et
492 1226 667 1266 instituta
691 1239 848 1276 eorum,
871 1227 934 1267 alii
956 1240 1019 1267 res
1042 1234 1185 1278 gestas,
1208 1227 1271 1266 alii
1302 1228 1473 1278 speciem
1496 1226 1623 1278 ipsius

189 1282 297 1322 urbis
320 1283 496 1323 nondum
519 1289 726 1323 exornatae
749 1297 878 1336 neque
899 1284 1068 1336 publicis
1091 1296 1220 1335 neque
1240 1283 1399 1336 privatis
1418 1283 1536 1331 locis,
1558 1283 1624 1323 alii

146 1346 166 1378 8
187 1340 365 1391 singulos
386 1340 614 1392 principum
643 1340 858 1388 eluderent,
880 1341 1030 1380 iuvenis
1047 1340 1228 1380 incautus
1245 1346 1282 1380 et
1303 1353 1434 1380 amore
1451 1340 1625 1380 nominis

187 1395 354 1436 Romani
378 1404 415 1437 et
438 1398 650 1437 certamine
680 1397 864 1437 adversus
892 1398 1052 1437 fratrem
1075 1397 1204 1436 omnia
1228 1398 1373 1437 tuendo
1395 1402 1625 1448 suspectum

148 1459 169 1492 9
189 1466 230 1492 se
247 1455 347 1505 patri
365 1461 403 1493 et
418 1460 688 1506 opportunum
706 1455 938 1494 criminibus
955 1454 1131 1494 faciebat.
1174 1454 1305 1506 itaque
1316 1460 1516 1506 expertem
1532 1466 1623 1493 eum

188 1535 438 1577 παρανομιάςς
478 1532 511 1564 L.
548 1531 670 1575 knfipft
707 1532 760 1565 die
793 1531 875 1565 Ver-

188 1579 332 1620 sto'rung
370 1578 428 1610 des
466 1577 599 1610 Geistes
637 1588 698 1610 nur
736 1588 777 1610 an
815 1577 874 1611 das

188 1622 317 1655 zuletzt
339 1623 514 1656 erwahnte
539 1622 689 1658 Factum.
717 1623 875 1666 obgleich

189 1678 223 1700 61
249 1668 333 1701 auch
365 1679 392 1701 c.
423 1670 454 1704 2,
477 1671 495 1702 5
533 1670 795 1701 exsecrationes
826 1679 875 1702 er-

187 1713 316 1746 wahnt.
334 1733 379 1737 —
396 1715 535 1755 saevir„
564 1716 591 1751 1,
613 1716 665 1755 53,
692 1716 741 1746 10.
768 1733 811 1738 --
837 1716 875 1746 in

189 1759 263 1791 dies
299 1769 343 1791 m.
380 1758 509 1791 konnte
547 1769 589 1791 zu
623 1763 783 1791 cerneret
818 1769 875 1802 ge-

187 1813 347 1837 nommen
373 1804 522 1838 werden.
548 1804 668 1845 gehort
699 1804 778 1837 aber
804 1805 873 1837 wol

189 1849 256 1882 wie
283 1848 303 1892 ξ
329 1852 347 1882 5
382 1849 589 1892 ungeachtet
622 1849 680 1882 der
714 1848 872 1892 Stellung

189 1905 230 1927 zu
261 1898 451 1935 omem-et,-
486 1905 511 1927 s.
545 1905 571 1927 c.
607 1896 661 1930 58.
689 1897 724 1928 2:
760 1897 873 1927 incre-

187 1944 319 1981 mento,
355 1943 384 1978 5.
409 1942 461 1974 29.
487 1942 544 1974 1οι
584 1942 621 1972 in
653 1940 727 1972 dies
757 1943 873 1982 magis

189 1987 365 2027 augebat5
398 1987 574 2027 38,4·2.8:
610 1986 692 2018 belli
722 1986 872 2027 gliscen-

188 2033 234 2063 tis
270 2035 305 2063 in
332 2031 406 2063 dies
429 2033 546 2073 magis
569 2030 668 2069 fama
701 2035 778 2063 erat
786 2044 798 2071 ,-
832 2042 873 2064 zu

150 2114 153 2115 ⁷
188 2079 242 2113 35.
271 2079 325 2112 41.
356 2080 381 2109 1.
418 2096 463 2100 —
500 2077 654 2109 Demetr.
687 2096 730 2100 —
764 2088 870 2109 cresc.

188 2122 317 2155 stimmt
344 2122 435 2155 nicht
461 2121 541 2165 zu§
570 2124 602 2155 1:
630 2122 736 2164 vulgo
762 2140 806 2145 —-
833 2123 870 2154 li-

188 2169 358 2210 berosque
376 2169 567 2209 eoesecrab.,
592 2167 679 2200 doch
696 2168 739 2200 ist
759 2167 869 2201 dieses

187 2213 258 2245 wol
301 2224 362 2246 nur
401 2222 597 2255 ungenaner
646 2213 871 2246 rlietorischer

186 2258 384 2295 Ausdruck,
419 2258 620 2291 schwerlich
655 2259 782 2291 liberos
815 2259 876 2292 auf

191 2302 337 2336 Perseus
373 2303 475 2337 allein
511 2314 553 2337 zu
589 2303 756 2337 beziehen
790 2304 871 2337 oder

186 2359 228 2381 zu
258 2349 392 2382 andern.
419 2368 463 2373 —
487 2349 626 2390 multit„
652 2360 676 2382 s.
701 2351 822 2390 39,53,
839 2351 868 2383 2.

234 2396 334 2427 3—9.
381 2395 563 2434 muliebri,
604 2395 752 2431 reizbar.
790 2395 870 2428 aber

188 2438 275 2471 ohne
302 2439 355 2473 die
372 2440 516 2482 Energie
543 2440 618 2473 dem
642 2440 774 2483 Gegner
798 2451 870 2473 mu-

187 2483 260 2525 tbig
286 2489 454 2528 entgegen
480 2496 521 2518 zu
546 2489 666 2519 trcten.
686 2505 729 2509 —-
747 2488 872 2527 instit„

187 2530 241 2568 34,
263 2530 316 2562 59.
340 2532 369 2564 6.
406 2550 450 2555 --
485 2542 622 2573 aspeym.
647 2549 692 2554 —
715 2542 814 2573 spec„
841 2541 866 2564 s.

188 2574 242 2614 35,
257 2576 310 2615 34,
325 2576 354 2607 9.
369 2593 412 2599 —
429 2576 497 2607 tale
511 2587 553 2618 q.,
569 2577 621 2617 23,
636 2578 666 2617 9,
682 2578 711 2610 9.
726 2595 771 2600 —
785 2576 866 2608 odio

942 1551 987 1555 —
1013 1532 1160 1574 indulg„
1186 1531 1289 1565 Prisc.
1317 1534 1451 1575 7,15p.
1476 1534 1539 1566 737
1565 1531 1628 1586 hat

943 1580 980 1609 in
1012 1577 1190 1610 Romanos
1227 1578 1456 1620 tibergangen.
1490 1596 1535 1601 -—
1568 1587 1627 1611 cm

942 1642 987 1646 —
1011 1623 1150 1665 indulg.
1183 1643 1227 1647 —
1260 1623 1407 1665 advers„
1440 1622 1482 1656 da
1507 1622 1624 1656 diesen

943 1668 1034 1702 Pers.
1061 1669 1190 1710 nahrte,
1215 1688 1260 1693 —
1284 1668 1448 1702 wahrend
1477 1667 1625 1702 Demetr.

942 1733 987 1737 ——
1014 1725 1138 1756 quaeq.
1170 1715 1227 1748 hat
1254 1714 1327 1747 sich
1351 1725 1394 1747 an
1419 1717 1535 1746 cetera
1567 1724 1625 1746 an-

944 1759 1165 1801 geschlossen
1181 1787 1188 1801 ,
1237 1763 1331 1793 sonst
1370 1759 1500 1792 kemite
1547 1769 1626 1792 man

943 1805 1098 1846 quidque
1114 1808 1299 1842 e1·warten;
1326 1804 1388 1838 das
1403 1804 1518 1837 Neutr.
1537 1804 1625 1847 plur.

942 1860 1011 1882 von
1035 1852 1182 1892 quisque
1206 1849 1313 1883 findet
1346 1850 1418 1883 sich
1450 1850 1536 1882 auch
1568 1850 1626 1882 bei

942 1894 1019 1928 dem
1044 1894 1215 1933 Ressexiv;
1242 1895 1335 1928 nicht
1361 1895 1463 1928 allein
1487 1895 1549 1928 mit
1573 1899 1624 1937 ut,

943 1942 1020 1982 qui,
1055 1940 1131 1973 dem
1157 1940 1324 1984 Superlat.
1350 1940 1566 1983 verbunden,
1596 1951 1623 1974 s.

942 1988 1116 2025 41‚20.7:
1143 1986 1186 2019 ib.
1214 1988 1269 2027 25,
1291 1988 1329 2023 8³
1355 1989 1386 2027 5,
1411 1987 1467 2028 41,
1487 1988 1527 2024 ὃς
1553 1986 1623 2029 vgl.

942 2032 1065 2070 39.31.
1084 2033 1132 2064 12.
1159 2051 1204 2055 —-
1228 2032 1369 2074 agenda
1395 2031 1460 2064 wie
1493 2033 1550 2073 41,
1570 2033 1628 2073 23,

946 2078 1003 2115 12;
1018 2079 1050 2117 4,
1066 2078 1118 2111 26.
1137 2079 1186 2110 12.
1212 2096 1258 2100 —
1281 2087 1356 2110 rem
1372 2076 1471 2110 Rom.
1496 2082 1537 2110 st.
1564 2076 1626 2110 des

940 2122 990 2155 hs.
1015 2133 1110 2165 spem
1139 2122 1190 2164 R,
1223 2132 1258 2156 es
1293 2122 1380 2156 wird
1411 2123 1496 2156 auch
1529 2133 1626 2155 men-

943 2170 1073 2200 tionem
1098 2168 1151 2201 od.
1178 2168 1435 2211 despectionem
1458 2177 1562 2201 verm.
1577 2186 1624 2191 -—-

940 2216 1107 2256 speciem,
1144 2213 1197 2246 die
1234 2214 1370 2247 {iussere
1403 2212 1545 2246 Gestalt.
1577 2231 1623 2237 ——

943 2259 1027 2291 loeis
1064 2259 1129 2292 soll
1162 2259 1252 2292 viell.
1288 2258 1443 2301 zugleich
1476 2257 1530 2291 die
1567 2257 1622 2291 die

941 2303 1059 2337 Platze
1085 2303 1357 2338 schmackenden
1382 2303 1562 2346 Gebaude,
1581 2303 1622 2339 in

942 2349 1072 2382 welche
1110 2350 1164 2382 die
1199 2349 1301 2382 Alten
1340 2348 1527 2382 besonders
1567 2348 1621 2382 die

941 2393 1128 2428 Schonheit
1153 2395 1212 2428 der
1237 2393 1356 2427 Stadte
1383 2397 1533 2434 setzten,
1563 2404 1624 2428 an—

939 2439 1083 2481 deuten,
1117 2451 1142 2474 s.
1169 2440 1235 2472 Cic.
1261 2438 1337 2472 Ver.
1371 2441 1403 2479 4,
1425 2441 1479 2473 53.
1505 2441 1567 2474 119
1585 2438 1624 2481 ff,

938 2489 1035 2518 sonst
1071 2485 1200 2518 konnte
1233 2494 1310 2517 man
1344 2484 1497 2518 daneben
1531 2485 1622 2518 noch

938 2530 1083 2562 aedibus
1106 2530 1187 2563 oder
1217 2529 1305 2563 ι(111111.
1339 2530 1548 2565 vermuthen.
1574 2549 1620 2555 —

937 2575 1078 2617 eluder„
1105 2577 1135 2617 9,
1159 2578 1211 2617 11,
1241 2577 1290 2608 10.
1324 2595 1370 2599 —
1402 2579 1551 2619 oppon,
1584 2585 1620 2609 er
