1747 2844
215 60 293 100 156

652 60 776 94 LIBER
800 60 934 94 XXXX.
984 59 1077 93 CAP.
1103 61 1155 94 22.
1184 61 1237 94 23.

1487 77 1514 96 a.
1535 76 1563 96 u.
1586 70 1648 97 573.

210 179 315 218 tibus
337 184 375 217 et
395 177 532 216 fraude
563 175 683 215 Didae
714 175 908 226 praetoris
938 175 1062 215 auctis
1084 175 1123 214 in
1146 174 1269 214 filium
1291 173 1587 225 suspicionibus
1609 175 1650 213 in

149 236 199 273 23
211 234 478 275 Macedoniam
510 232 636 272 rediit.
678 232 821 272 Missus
848 232 913 271 hic
945 244 1090 281 comes,
1122 239 1166 271 ut
1186 237 1276 271 ante
1297 231 1443 271 dictum
1466 237 1537 280 est,
1560 243 1649 270 cum

213 291 499 344 simplicitatem
522 290 674 329 iuvenis
704 290 852 329 incauti
884 294 922 328 et
941 289 1023 328 suis
1046 289 1147 329 haud
1170 288 1354 328 inmerito
1378 289 1651 328 succensentis

213 349 453 389 adsentando
476 347 798 398 indignandoque
821 353 859 386 et
887 346 972 398 ipse
992 347 1116 386 vicem
1140 346 1225 386 eius
1247 351 1433 397 captaret,
1455 344 1496 383 in
1518 346 1650 384 omnia

170 412 189 444 2
213 406 316 446 ultro
340 417 449 445 suam
473 404 656 443 obferens
679 416 851 455 operam,
868 403 942 442 fide
964 403 1048 443 data
1065 416 1204 443 arcana
1223 404 1308 442 eius
1330 402 1476 441 elicuit.
1518 402 1648 453 fugam

210 464 257 502 ad
281 463 479 501 Romanos
501 461 724 501 Demetrius
746 461 1030 508 meditabatur;
1074 461 1135 500 cui
1169 459 1334 499 consilio
1357 460 1512 499 adiutor
1533 459 1650 498 deum

210 520 401 560 beneficio
413 519 565 558 oblatus
577 518 778 557 videbatur
790 517 982 557 Paeoniae
999 524 1170 569 praetor,
1188 530 1260 569 per
1278 516 1391 556 cuius
1407 516 1650 568 provinciam

170 583 188 615 3
210 590 320 629 spem
344 581 503 628 ceperat
525 562 623 615 elabi
647 581 731 614 tuto
754 587 883 626 posse.
925 575 1002 613 hoc
1033 574 1241 614 consilium
1263 574 1459 626 extemplo
1481 579 1519 612 et
1540 573 1651 612 fratri

169 641 188 672 4
210 634 392 686 proditur
422 640 459 672 et
488 638 648 671 auctore
670 645 715 671 eo
738 632 933 671 indicatur
955 632 1068 684 patri.
1110 632 1259 671 litterae
1281 631 1452 683 primum
1475 631 1521 669 ad
1545 630 1650 669 obsi—

211 692 366 731 dentem
399 690 553 730 Petram
583 689 730 728 adlatae
761 696 866 729 sunt.
909 689 1001 728 inde
1032 689 1260 728 Herodorus
1292 711 1346 716 ——-
1369 688 1556 740 princeps
1586 687 1650 726 hic

209 748 424 788 amicorum
448 746 634 786 Demetrii
659 753 741 785 erat
770 769 824 773 —
847 746 887 785 in
910 747 1126 785 custodiam
1148 753 1207 786 est
1228 745 1431 785 coniectus
1453 751 1491 784 et
1510 744 1651 784 Deme-

169 812 186 842 5
209 806 308 845 trius
341 803 633 843 dissimulanter
663 804 856 842 adservari
887 804 1032 843 iussus.
1073 803 1169 843 haec
1200 815 1320 854 super
1352 807 1478 842 cetera
1499 801 1651 841 tristem

209 863 417 902 adventum
439 862 479 901 in
501 861 768 901 Macedoniam
790 873 873 912 regi
904 861 1096 900 fecerunt.
1139 859 1346 899 movebant
1368 871 1457 899 eum
1480 865 1518 898 et
1539 871 1652 910 prae-

210 920 332 959 sentia
365 919 550 966 crimina3
585 918 849 969 expectandos
879 923 1022 963 tamen,
1056 930 1157 969 quos
1185 917 1231 956 ad
1262 916 1500 968 exploranda
1522 916 1653 955 omnia

167 982 186 1013 6
209 977 371 1016 Romam
393 976 563 1023 miserat,
588 975 784 1015 censebat.
826 975 887 1014 his
916 975 1056 1014 anxius
1079 974 1185 1014 curis
1207 986 1296 1013 cum
1327 973 1477 1025 aliquot
1496 985 1654 1012 menses

210 1035 365 1085 egisset,
389 1033 545 1073 tandem
567 1032 697 1084 legati,
719 1033 793 1071 iam
816 1038 905 1071 ante
936 1031 1205 1084 praemeditati
1227 1031 1268 1070 in
1289 1030 1529 1079 Macedonia,
1553 1043 1654 1082 quae

168 1097 184 1128 'a
208 1091 256 1130 ab
277 1091 399 1129 Roma
423 1090 711 1137 renuntiarent,
736 1095 941 1129 venerunt.
984 1090 1050 1140 qui
1073 1101 1194 1140 super
1215 1095 1343 1128 cetera
1365 1087 1511 1127 scelera
1538 1087 1654 1127 falsas

210 1149 323 1188 etiam
346 1148 507 1195 litteras,
531 1147 644 1198 signo
675 1147 898 1185 adulterino
922 1146 967 1184 T.
999 1146 1160 1192 Quincti
1187 1145 1370 1196 signatas,
1395 1145 1654 1184 reddiderunt

167 1210 186 1243 8
208 1206 305 1256 regi.
347 1204 570 1256 deprecatio
585 1205 623 1243 in
637 1203 776 1243 litteris
788 1210 881 1250 erat,
899 1203 931 1242 si
947 1203 1042 1255 quid
1061 1203 1292 1242 adulescens
1309 1202 1523 1254 cupiditate
1539 1201 1652 1252 regni

209 1262 397 1314 prolapus
428 1274 562 1301 secum
595 1261 759 1311 egisset:
786 1261 884 1299 nihil
907 1273 996 1300 eum
1019 1261 1205 1299 adversus
1227 1272 1391 1299 suorum
1413 1270 1652 1310 quemquam

208 1321 425 1366 facturum,
466 1331 595 1369 neque
625 1330 714 1357 eum
746 1330 786 1357 se
819 1330 917 1365 esse,
960 1318 1027 1368 qui
1061 1317 1178 1356 ullius
1210 1317 1307 1369 inpii
1340 1316 1494 1356 consilii
1516 1320 1656 1355 auctor

209 1378 366 1415 futurus
389 1376 508 1415 videri
533 1375 671 1427 possit.
713 1375 785 1414 hae
817 1375 967 1414 litterae
1000 1375 1113 1414 fidem
1135 1374 1270 1413 Persei
1293 1373 1526 1412 criminibus
1548 1373 1652 1411 fece-

166 1440 184 1469 9
207 1441 313 1473 runt.
355 1433 486 1485 itaque
511 1432 741 1472 Herodorus
759 1432 954 1483 extemplo
973 1432 1037 1471 diu
1057 1431 1304 1470 excruciatus
1320 1431 1406 1470 sine
1427 1430 1573 1469 indicio
1596 1428 1654 1468 rei

253 1531 314 1568 23.
345 1536 440 1568 1-3,
473 1533 635 1575 simplic„
669 1544 694 1565 s.
729 1544 756 1565 c.
789 1535 891 1570 14.5;

207 1580 319 1613 dieses
345 1580 412 1612 und
439 1580 572 1611 adsent.
599 1578 894 1621 indignandoque

208 1626 323 1658 deutet
344 1636 397 1659 an.
417 1625 482 1657 wie
502 1624 561 1657 das
581 1628 725 1666 captare
742 1624 893 1667 moglich

207 1671 418 1704 wurde.—el
428 1673 510 1713 ipse,
521 1671 555 1702 in
566 1669 751 1702 Riicksicht
764 1670 893 1703 aufden

207 1718 241 1750 in
273 1718 511 1749 succensentis
542 1715 723 1757 liegenden
750 1715 894 1757 Begriffi

208 1765 281 1805 ipse
295 1762 415 1804 gehort
434 1773 474 1794 zu
494 1761 729 1803 indignando,
755 1761 823 1803 vgl.
839 1763 894 1803 39,

209 1809 263 1841 49.
279 1810 308 1842 3.
329 1827 372 1831 —
392 1811 512 1848 vicem,
539 1807 592 1839 fiir
617 1807 686 1841 ihn.
712 1806 745 1838 in
764 1807 893 1839 seinem

209 1853 323 1893 Sinne,
351 1855 381 1887 2.
407 1855 460 1888 31,
487 1855 544 1886 11;
577 1863 679 1884 suam
706 1854 815 1884 vicem
841 1855 894 1884 ἰη-

208 1900 426 1942 dignantem,
451 1898 519 1940 vgl.
547 1908 573 1930 e.
598 1900 648 1933 11,
664 1900 702 1931 4:
731 1899 817 1930 haee
842 1901 894 1929 in—

209 1946 351 1987 dignor.
377 1963 422 1968 ἠ
448 1945 561 1985 ultro,
587 1954 655 1976 von
682 1943 788 1975 sreien
816 1942 894 1976 Stu-

209 1991 314 2032 cken,
348 1989 640 2033 unausgesordert,
671 2000 696 2022 S.
729 1992 754 2031 1,
781 1991 831 2030 17,
855 1991 892 2022 ⁵5:

208 2036 429 2078 offer-endum
462 2036 557 2068 ultro
592 2037 687 2074 ναίἰς
722 2036 773 2075 10,
800 2036 849 2069 19.
877 2037 889 2067 1

209 2094 238 2116 u.
266 2093 294 2115 a.
320 2102 365 2105 —
398 2082 469 2122 fide
494 2082 538 2123 (1.,
572 2080 625 2113 die
659 2080 894 2113 Geheimnisse

207 2139 248 2161 zu
272 2128 468 2163 bewahren,
494 2127 562 2169 vgl.
590 2128 644 2167 37,
662 2128 713 2159 10.
728 2128 758 2159 4.
773 2145 817 2148 —
837 2128 896 2158 cm·

207 2185 300 2206 cons.
326 2173 415 2206 kann
443 2183 510 2206 von
536 2173 682 2206 adiutor
703 2172 893 2214 abhangen.

207 2230 232 2252 s.
249 2221 303 2259 39,
322 2222 372 2257 14,
393 2222 442 2255 10,
468 2218 549 2252 oder
573 2228 640 2250 von
667 2218 812 2250 adiutor
838 2219 895 2249 ob-

209 2266 310 2307 latus,
325 2276 350 2298 s.
366 2276 393 2297 c.
415 2266 463 2305 11,
479 2266 516 2302 3;
533 2267 587 2302 33,
599 2266 653 2304 43,
668 2265 698 2296 5.
710 2264 894 2296 -ῆΡαεοη,

205 2322 273 2353 pr„
299 2311 341 2343 da
365 2310 550 2350 Paeonien,
577 2320 602 2343 s.
631 2320 658 2342 c.
678 2311 709 2343 3.
725 2311 755 2345 3,
781 2308 834 2341 bis
852 2319 893 2341 an

207 2356 260 2389 die
287 2356 415 2389 Grenze
441 2366 508 2389 von
526 2355 665 2400 lllyrien
690 2354 830 2389 reichte.
857 2364 895 2387 so

207 2402 300 2434 hatte
333 2402 479 2434 Demetr.
516 2412 576 2435 aus
611 2400 739 2433 diesem
774 2399 894 2432 Theile

206 2447 447 2481 Macedoniens
481 2448 598 2480 seinen
632 2446 716 2478 Plan
750 2456 791 2478 zu
830 2445 894 2478 den

208 2491 351 2525 Romern
382 2504 422 2525 zu
459 2493 643 2526 entssiehen
678 2491 783 2524 leicht
819 2501 894 2523 aus-

211 2537 329 2570 sfihren
356 2538 502 2572 konnen.

1011 1533 1110 1565 4—9.
1137 1531 1323 1573 dissimul„
1348 1530 1436 1564 ohne
1462 1530 1540 1563 dass
1558 1540 1594 1563 er
1616 1540 1654 1563 es

964 1577 1106 1611 merkte.
1133 1597 1176 1601 -—
1202 1577 1399 1618 adservari,
1425 1577 1654 1617 39,19,2.—

965 1627 998 1656 et
1012 1635 1128 1667 praes.
1148 1634 1209 1665 cru,
1235 1623 1321 1656 auch
1339 1623 1472 1663 (sehon)
1491 1621 1544 1654 die
1563 1622 1654 1663 J'etzt

966 1669 1231 1712 vorliegenden,
1273 1668 1352 1701 dass
1391 1667 1538 1701 Demetr.
1582 1671 1657 1700 ent-

967 1716 1092 1748 ssiehen
1111 1715 1232 1753 wolle;
1252 1714 1310 1747 der
1328 1713 1490 1747 Gedanke
1512 1713 1557 1746 ist
1574 1723 1655 1746 con-

967 1761 1079 1793 cessiv
1091 1761 1179 1793 ohne
1191 1760 1244 1793 die
1256 1760 1413 1793 Form.—
1423 1769 1555 1801 quos—
1565 1760 1654 1801 mis„

966 1817 990 1839 s.
1018 1818 1045 1839 c.
1066 1808 1119 1847 20,
1135 1809 1173 1844 33
1200 1806 1249 1838 sie
1268 1805 1344 1838 sind
1360 1805 1460 1847 lange
1478 1803 1654 1847 ausgehal-

966 1856 1023 1884 teu
1050 1851 1188 1885 worden
1215 1851 1295 1884 oder
1320 1850 1431 1883 haben
1450 1850 1653 1883 absichtlich

965 1900 1144 1940 gezogert:
1180 1897 1320 1939 aliquot
1339 1907 1483 1928 menses.
1505 1914 1548 1919 —-
1572 1899 1654 1928 ante

961 1943 1155 1986 praemed„
1181 1953 1206 1976 s.
1233 1953 1260 1976 c.
1279 1944 1312 1982 4,
1331 1943 1389 1980 132
1406 1943 1460 1983 21,
1476 1942 1529 1983 20,
1545 1943 1582 1979 S;
1597 1943 1653 1983 38,

965 1991 994 2029 3,
1017 1990 1053 2022 S:
1086 1991 1208 2031 prius,
1243 1998 1349 2031 quam
1373 2007 1429 2029 —,
1451 1987 1651 2029 praemedi-

965 2037 1052 2074 tati,·
1077 2036 1131 2068 42.
1148 2036 1202 2070 47.
1217 2036 1247 2067 2.
1273 2053 1318 2057 —
1343 2035 1432 2076 regi,
1457 2032 1508 2066 als
1533 2043 1575 2066 an
1592 2033 1651 2065 ihn

966 2080 1143 2123 gerichtet.
1177 2099 1221 2103 —
1254 2079 1459 2122 deprecatio
1497 2081 1573 2112 etc..
1611 2089 1652 2111 zu

966 2126 1024 2159 der
1056 2126 1163 2159 hierin
1202 2125 1522 2168 ausgesprochenen
1559 2123 1652 2156 Bitte

967 2172 1042 2204 dem
1071 2173 1204 2214 jungen
1230 2170 1352 2203 Manne
1385 2180 1426 2203 zu
1458 2169 1652 2210 verzeihen‚

966 2217 1022 2250 ihn
1050 2218 1143 2250 nicht
1169 2227 1209 2249 zu
1235 2215 1427 2257 bestrafen,
1453 2214 1537 2257 liegt
1563 2215 1596 2247 in
1620 2216 1653 2246 si

966 2267 1030 2296 etc.
1058 2263 1111 2296 die
1130 2261 1351 2304 Bedingung;
1378 2260 1482 2293 durch
1501 2260 1554 2293 die
1572 2260 1654 2293 Fiir-

966 2309 1051 2341 bitte
1093 2308 1210 2340 wurde
1251 2306 1304 2339 die
1354 2306 1652 2339 verbrecherische

966 2354 1109 2387 Absicht
1136 2353 1365 2395 eingeraumt,
1388 2351 1468 2394 vgl.
1496 2362 1523 2385 c.
1553 2354 1650 2394 11,1.

966 2419 1010 2423 -
1029 2401 1154 2442 possit,
1181 2400 1233 2440 41,
1253 2399 1356 2436 19,6;
1380 2399 1434 2439 36,
1453 2399 1506 2439 35,
1531 2399 1581 2431 1·1.
1607 2417 1654 2421 —

966 2445 1027 2477 diu
1046 2455 1155 2486 escen,
1181 2443 1370 2480 concessiv,
1396 2442 1464 2486 vgl.
1481 2444 1535 2485 24,
1550 2446 1581 2485 5,
1598 2444 1649 2476 11.

966 2509 1007 2513 -—
1033 2492 1109 2522 sine
1134 2489 1218 2531 ind„
1245 2489 1332 2522 ohne
1357 2508 1402 2512 -
1427 2489 1584 2531 gemacht
1609 2499 1650 2521 zu

964 2535 1084 2569 haben.
