1747 2844
210 76 289 116 180
616 75 741 108 LIBER
764 75 897 109 XXXX.
949 75 1041 109 CAP.
1069 78 1121 110 37.
1149 77 1201 109 38.

1483 94 1511 113 a.
1532 93 1561 113 u.
1580 87 1639 113 574.

206 205 312 240 mors
333 190 489 230 Pisonis
510 189 640 241 coepit
662 201 767 236 esse;
792 195 830 229 et
851 196 968 230 testes
990 190 1246 238 exsistebant,
1269 190 1336 242 qui
1357 196 1448 242 post
1468 190 1639 230 declara-

207 255 268 288 tos
290 247 472 287 consules
489 246 673 285 Albinum
695 253 733 285 et
748 246 946 294 Pisonem,
969 247 1112 299 quibus
1133 247 1300 287 comitiis
1316 247 1478 286 Flaccus
1499 247 1642 287 tulerat

209 305 426 357 repulsam,
458 310 495 343 et
516 303 793 355 exprobratum
815 304 848 343 ei
870 317 890 343 a
911 311 1033 344 matre
1056 304 1251 352 dicerent,
1282 304 1387 355 quod
1408 303 1483 343 iam
1505 304 1539 342 ei
1560 310 1640 344 ter-

208 363 304 401 tium
327 367 491 412 negatus
514 360 740 400 consulatus
761 361 909 412 petenti
934 366 1049 409 esset,
1080 367 1117 400 et
1137 361 1336 411 adiecisse,
1358 365 1513 413 pararet
1533 373 1576 400 se
1596 360 1642 400 ad

169 426 186 456 ’ἱ
208 418 443 470 petendum3
466 417 566 456 intra
588 418 685 456 duos
707 430 864 457 menses
886 417 1130 464 effecturam,
1152 424 1196 457 ut
1217 418 1356 457 consul
1377 419 1499 457 fieret.
1541 418 1643 457 inter

208 474 329 514 multa
357 474 429 513 alia
460 474 682 513 testimonia
713 475 757 513 ad
789 486 944 513 causam
973 474 1211 526 pertinentia
1242 475 1338 514 haec
1368 487 1527 526 quoque
1557 486 1641 523 vox,

209 532 326 571 nimis
353 544 442 570 vero
465 538 604 570 eventu
627 531 901 582 comprobata,
933 531 1071 579 valuit,
1104 544 1174 571 cur
1195 531 1360 571 Hostilia
1381 532 1642 580 damnaretur.

170 598 189 631 8
323 588 432 627 Veris
454 588 651 640 principio
673 588 812 636 huius,
850 588 941 627 dum
963 588 1146 627 consules
1169 601 1290 627 novos
1312 588 1476 628 dilectus
1497 588 1645 627 Romae

208 651 336 693 tenet,
359 657 464 684 mors
487 645 627 684 deinde
648 645 808 684 alterius
831 651 869 684 et
890 645 1047 684 creandi
1070 645 1224 685 comitia
1247 645 1422 684 consulis
1451 645 1492 684 in
1514 645 1644 684 locum

169 712 189 744 9
211 702 294 741 eius
317 702 445 741 omnia
467 702 634 741 tardiora
656 702 849 749 fecerunt,
873 701 1031 742 interim
1048 701 1091 741 P.
1111 702 1317 742 Cornelius
1339 707 1375 741 et
1396 702 1446 742 M.
1462 702 1643 750 Baebius,

210 760 276 810 qui
294 759 333 798 in
357 759 562 798 consulatu
586 758 685 797 nihil
706 758 959 798 memorabile
981 765 1195 810 gesserant,
1218 760 1258 798 in
1277 760 1463 810 Apuanos
1481 759 1646 810 Ligures

151 822 201 858 38
215 816 427 855 exercitum
444 816 698 855 induxerunt.
732 815 911 867 Ligures,
935 816 1000 867 qui
1018 822 1108 855 ante
1124 816 1331 855 adventum
1348 815 1389 854 in
1405 816 1646 867 provinciam

213 874 419 912 consulum
450 885 531 912 non
563 878 836 924 expectassent
857 872 1000 912 bellum
1015 903 1024 920 ,
1058 873 1257 924 inproviso
1280 871 1461 924 obpressi
1481 872 1526 911 ad
1549 872 1648 911 duo-

171 940 190 972 2
212 930 336 968 decim
367 929 471 968 milia
500 930 705 968 bominum
742 929 976 969 dediderunt
1004 942 1056 969 se.
1108 942 1175 968 eos
1205 929 1386 968 consulto
1408 941 1479 980 per
1499 928 1648 968 litteras

210 986 321 1038 prius
355 993 492 1026 senatu
524 986 717 1026 deducere
750 999 795 1025 ex
824 987 1027 1026 montibus
1048 986 1089 1026 in
1111 998 1226 1037 agros
1248 993 1488 1037 campestres
1507 985 1649 1037 procul

210 1043 256 1081 ab
279 1044 406 1089 domo,
430 1056 478 1082 ne
502 1043 651 1082 reditus
674 1056 763 1095 spes
786 1049 908 1090 esset,
941 1042 1146 1083 Cornelius
1168 1049 1204 1082 et
1224 1042 1392 1082 Baebius
1413 1047 1648 1089 statuerunt,

172 1111 192 1144 3
213 1100 366 1139 nullum
395 1100 513 1139 alium
543 1106 632 1139 ante
654 1101 772 1139 finem
793 1100 865 1138 rati
886 1100 970 1139 fore
991 1100 1187 1150 Ligustini
1209 1099 1312 1141 belli.
1354 1112 1446 1151 ager
1466 1099 1651 1151 publicus

211 1157 348 1208 populi
365 1157 529 1195 Romani
553 1163 635 1196 erat
656 1157 696 1195 in
718 1157 980 1205 Samnitibus;
1003 1157 1311 1196 Taurasinorum
1325 1157 1468 1208 fuerat.
1503 1169 1544 1196 eo
1566 1168 1651 1195 cum

210 1214 414 1253 traducere
430 1213 596 1264 Ligures
614 1214 800 1265 Apuanos
816 1214 972 1262 vellent,
996 1214 1214 1261 edixerunt,
1236 1213 1403 1264 Ligures
1424 1213 1470 1252 ab
1489 1213 1616 1252 Anido
1629 1214 1650 1238 *

213 1313 272 1346 Cn.
296 1312 323 1352 f.
342 1313 387 1345 M.
407 1324 440 1345 n.
457 1314 620 1356 Flaccus,
645 1324 670 1346 s.
687 1324 712 1346 c.
729 1316 782 1355 41,
799 1316 827 1347 7.
845 1333 889 1337 —

212 1359 273 1391 tal.
300 1357 442 1400 repulsss,
476 1369 511 1391 er
542 1360 597 1391 1131
634 1359 705 1391 sich
731 1359 803 1392 also
829 1360 890 1392 mit

210 1404 339 1436 seinem
364 1403 549 1437 Stiosvater
579 1404 734 1447 zugleich
759 1405 891 1438 bewor-

210 1450 292 1487 bem
342 1449 394 1482 die
436 1450 591 1482 sriiheren
633 1450 891 1493 Bewerbungen

210 1496 380 1535 (tertiam)
406 1495 463 1527 hat
480 1496 513 1528 L.
540 1495 634 1528 nicht
658 1496 822 1529 erwiihnt.
848 1515 892 1518 —

211 1543 319 1582 intra,
346 1541 408 1573 che
433 1541 649 1584 vergiengen.
666 1561 708 1564 —
724 1552 804 1573 vcro
829 1552 890 1583 ev„

959 1316 990 1353 9,
1005 1315 1036 1354 9,
1055 1315 1092 1347 11
1108 1313 1149 1347 f.:
1176 1314 1261 1345 dum
1287 1333 1330 1336 —
1343 1312 1527 1355 festinant,
1568 1313 1651 1345 dam

958 1379 1002 1382 —
1020 1363 1233 1392 acce-serunt.
1250 1377 1294 1382 —
1313 1359 1468 1391 creandi.
1493 1370 1521 1391 c.
1547 1369 1651 1401 cons„

959 1404 1012 1437 die
1026 1415 1085 1437 zur
1097 1404 1199 1437 Wahl
1210 1404 1438 1445 bestimmten,
1456 1404 1653 1447 geborigen,

960 1450 1018 1483 der
1051 1450 1154 1492 genit.
1191 1450 1329 1492 gerund.
1366 1450 1455 1483 ohne
1492 1449 1653 1491 Verbum,

961 1506 986 1528 s.
1015 1497 1068 1535 39,
1087 1498 1141 1537 39,
1160 1498 1190 1537 7,
1216 1495 1282 1528 wie
1314 1497 1369 1537 45,
1387 1498 1442 1536 35,
1460 1497 1491 1536 7,
1524 1494 1593 1537 vgl.
1612 1506 1653 1528 zu

964 1543 995 1582 3,
1012 1544 1064 1582 19,
1080 1543 1110 1583 2,
1135 1541 1219 1573 iiber
1236 1540 1301 1574 den
1318 1541 1351 1574 in
1377 1540 1526 1583 gleicher
1538 1539 1654 1574 Weise

212 1586 280 1628 vgl.
298 1588 350 1627 26,
367 1589 397 1624 6,
417 1588 465 1619 16.
492 1606 536 1610 —-
562 1587 684 1628 valuit,
711 1597 793 1628 car,
825 1597 896 1619 war

213 1632 267 1664 ein
293 1631 418 1673 Grund,
444 1642 590 1673 warum,
617 1636 693 1674 trug
718 1632 803 1665 dazu
829 1633 896 1673 bei,

213 1677 302 1718 dass,
328 1687 352 1709 s.
374 1679 427 1715 31,
443 1680 497 1714 45,
516 1679 572 1711 13:
599 1688 662 1709 nec
682 1681 897 1719 meruerant,

213 1733 298 1761 (mr,-
325 1724 498 1763 32,32,5:
526 1733 637 1763 mora,
663 1723 747 1763 cmi:
774 1725 895 1764 4229,

217 1769 275 1804 11;
310 1767 402 1799 Caes.
439 1767 477 1800 B.
510 1768 546 1801 G.
586 1771 611 1809 1,
642 1770 745 1807 14,22
787 1779 898 1810 neque

213 1814 435 1845 commissum
461 1824 481 1845 a
505 1824 550 1854 se,
582 1824 693 1855 quare
716 1816 899 1856 perirent,-

212 1859 245 1890 L.
274 1860 463 1899 29,15,13.
489 1878 533 1882 —
559 1859 811 1900 damnaretur,
843 1858 894 1891 ssu·

213 1903 369 1945 scliuldig
393 1903 518 1936 erklart
536 1904 603 1937 und
622 1904 710 1936 ohne
729 1904 896 1937 Provoca-

214 1949 285 1981 tion
302 1959 377 1981 zum
389 1948 482 1982 Tode
497 1949 707 1989 verurtheilt,
726 1952 779 1991 39,
796 1951 847 1990 18,
863 1952 893 1982 4.

259 1993 314 2036 37,
341 1993 466 2030 8—38.
527 1994 796 2037 Uebersiedlung
838 1994 897 2027 dci·

213 2039 373 2083 Apuaner
397 2040 431 2072 in
457 2040 516 2073 das
543 2039 802 2073 Samniterland.

261 2087 359 2118 8—9.
410 2085 512 2118 Verfs
533 2097 589 2128 pr.
609 2086 766 2118 l1.bildet
792 2086 895 2118 durch

215 2130 274 2163 das
312 2131 516 2164 νει-1111116131.
553 2131 610 2164 der
646 2131 897 2173 Wortstellung

216 2176 393 2218 gehobene
428 2178 532 2209 huius
563 2188 630 2209 von
663 2177 727 2209 den
753 2177 785 2209 111
812 2178 896 2209 clmn

216 2241 255 2245 —
303 2221 470 2260 fecerant
515 2222 895 2264 zusammengesassten,

218 2267 340 2299 vorher
376 2267 548 2300 (ἐι-2111111911
581 2268 798 2310 Ereignissen
832 2268 896 2300 den

217 2312 419 2355 Uebergang
444 2324 484 2346 zu
511 2313 575 2346 den
609 2313 810 2355 solgenden;
845 2315 898 2345 in-

217 2360 318 2390 terim
344 2358 502 2391 schlicsst
526 2359 597 2392 sich
624 2369 665 2391 an
684 2359 767 2392 dum
791 2369 844 2400 an,
871 2369 896 2391 s.

217 2405 271 2444 41,
288 2405 339 2444 16,
354 2406 384 2444 7,
403 2404 493 2436 nicht
512 2404 732 2437 unmittelbar
748 2414 790 2437 311
810 2406 899 2436 veris

215 2458 270 2489 pr.
295 2467 337 2471 —
363 2449 487 2481 deinde
516 2469 560 2473 —
590 2449 697 2489 fecer.
730 2450 773 2482 ist
806 2449 900 2482 mehr

218 2493 397 2526 erziihlend
408 2505 449 2527 an
467 2495 548 2527 dam
563 2515 607 2519 —
622 2499 714 2527 tenet
726 2495 899 2537 angefiigt,

219 2537 258 2569 da
285 2548 360 2571 man
379 2543 411 2571 et
427 2559 471 2563 —
485 2539 629 2579 faciunt
645 2543 813 2581 erwartet,
831 2540 899 2582 vgl.

965 1586 1195 1629 gebrauchten
1235 1585 1335 1619 Dativ
1367 1597 1392 1620 s.
1427 1597 1455 1620 c.
1485 1588 1535 1627 18,
1556 1588 1584 1620 1.
1609 1605 1654 1610 -

966 1643 1083 1665 eoeerc.
1110 1632 1197 1674 ind„
1224 1642 1251 1665 c.
1278 1633 1379 1673 41,1.

1011 1676 1074 1713 38.
1088 1679 1184 1710 1—2.
1197 1679 1302 1719 qai—
1312 1681 1447 1720 eoepect.
1457 1691 1469 1718 ,-
1480 1676 1652 1718 νν311131111,

968 1722 1010 1755 (13
1024 1723 1072 1755 sie
1087 1723 1181 1755 nicht
1193 1733 1281 1758 USW.
1291 1742 1336 1746 —
1346 1723 1393 1755 ad
1405 1723 1554 1755 duodec.
1568 1721 1653 1764 mil„

968 1768 1248 1801 beschriinkende
1261 1767 1418 1811 Apposit.
1434 1778 1475 1801 zu
1489 1767 1653 1809 Ligures.

968 1833 1012 1837 —
1034 1813 1198 1846 deducer.
1229 1816 1305 1854 etc,
1330 1813 1547 1856 gewolmlich
1569 1823 1655 1846 wer-

964 1858 1029 1891 den
1047 1858 1100 1891 die
1130 1859 1292 1891 dediticii
1315 1859 1409 1891 nicht
1435 1869 1473 1892 so
1498 1858 1573 1891 hart
1598 1858 1656 1891 be-

963 1903 1122 1945 handelt,
1148 1904 1227 1937 aber
1258 1903 1463 1937 Aehnliches
1494 1914 1520 1937 s.
1547 1914 1575 1937 c,
1601 1906 1656 1946 41,

964 1951 1002 1988 33
1040 1949 1107 1992 vgl.
1146 1951 1202 1991 42,
1235 1951 1289 1991 22,
1323 1951 1361 1988 ὃς
1398 1960 1440 1983 zu
1477 1951 1531 1991 37,
1561 1952 1592 1991 ’2,
1618 1951 1657 1987 5;

964 1994 1085 2038 Polyb.
1113 1996 1144 2035 2,
1160 1996 1220 2033 21;
1247 1993 1370 2028 Strabo
1397 1998 1427 2036 5,
1450 1998 1476 2037 1,
1495 1997 1514 2029 6
1540 2006 1572 2038 p.
1591 1996 1657 2028 212

964 2051 995 2073 11.
1012 2051 1039 2073 a.
1059 2059 1102 2063 —
1120 2040 1258 2072 nullum
1275 2040 1320 2072 al.
1337 2041 1414 2082 fin„
1438 2051 1464 2074 s,
1480 2040 1534 2073 die
1550 2039 1656 2073 Stelie

965 2096 1026 2118 aus
1052 2085 1140 2118 Plut.
1168 2096 1210 2118 zu
1236 2087 1289 2122 39,
1317 2088 1346 2127 1,
1373 2088 1402 2120 8.

1012 2133 1111 2165 3-4.
1131 2131 1230 2174 publ.
1245 2142 1288 2177 ¹p.
1306 2130 1357 2173 R„
1382 2131 1450 2174 vgl.
1470 2133 1524 2171 44,
1547 2133 1596 2172 16,
1615 2133 1633 2163 7
1650 2145 1657 2169 ;

967 2178 1020 2218 31,
1039 2179 1071 2219 4,
1086 2179 1116 2210 2.
1137 2196 1176 2199 —
1201 2176 1400 2219 Tam-asin„
1417 2176 1486 2209 wol
1504 2175 1657 2209 derselbe

967 2221 1037 2263 Ort,
1063 2222 1121 2255 der
1146 2221 1206 2255 auf
1220 2222 1312 2255 einer
1329 2222 1388 2255 der
1404 2221 1659 2255 Grabschriften

967 2267 1026 2300 der
1051 2266 1234 2310 Scipionen
1260 2267 1414 2300 erwahnt
1437 2267 1501 2308 ist,
1530 2277 1557 2300 s.
1584 2266 1658 2299 CIL.

967 2312 989 2345 1.
1017 2323 1048 2355 p.
1078 2315 1117 2347 16
1144 2323 1174 2345 11.
1202 2314 1263 2345 30:
1293 2312 1467 2345 Taurasia
1494 2312 1660 2354 Cisauna,

969 2357 1114 2391 Samnio
1135 2360 1245 2400 cessii,-
1269 2356 1355 2390 Plin.
1383 2359 1413 2399 3,
1428 2359 1459 2398 5,
1479 2357 1661 2390 70:·Taa-

968 2405 1098 2443 ranz'a;
1124 2401 1241 2445 Steph.
1260 2401 1343 2446 Byz.
1369 2404 1564 2448 Ταυρανία,
1579 2402 1661 2435 zwi-

969 2448 1072 2481 scben
1105 2448 1289 2490 Saepinum
1322 2447 1391 2480 und
1425 2447 1662 2482 Beneventum

968 2493 1024 2526 bei
1049 2493 1228 2526 Circellum
1253 2493 1353 2533 (nach
1385 2492 1446 2527 Th.
1472 2493 1662 2527 Mommsen

970 2549 999 2573 a.
1025 2549 1053 2572 a.
1081 2539 1144 2580 (1.),
1170 2538 1237 2581 vgl.
1264 2538 1360 2572 Nieb.
1390 2541 1419 2582 1,
1447 2540 1522 2573 286.
1548 2559 1594 2563 —·
1617 2540 1659 2572 ab
