1779 2893
121 111 147 130 a.
168 103 219 130 cn.
243 103 300 129 iso.
331 97 334 100 ’
583 91 709 124 LIBER
733 91 868 125 XXXX.
919 90 1012 124 CAP.
1038 92 1092 125 35.
1483 88 1560 126 175

117 207 220 247 mitti
241 207 399 257 soleret,
423 220 496 247 nec
515 208 717 247 fruniento
739 213 893 260 portato
915 207 961 246 ad
993 207 1209 246 exercitum
1239 206 1279 245 in
1303 219 1393 245 eum
1415 219 1564 246 annum

119 277 221 317 opus
251 278 349 312 esse,
379 266 582 317 petierunt
609 265 655 304 ab
687 273 826 305 senatu
857 265 1043 316 primum,
1067 264 1116 303 ob
1140 277 1202 303 res
1224 276 1415 316 prospere
1437 270 1565 316 gestas
1586 274 1604 305 5

118 328 164 362 ut
184 322 258 362 diis
279 322 553 362 inmortalibus
584 323 712 362 honos
744 323 968 369 haberetur,
993 322 1133 361 deinde
1156 329 1199 361 ut
1221 321 1265 368 Q.
1290 321 1426 361 Fulvio
1449 322 1563 362 dece·
1584 330 1603 362 6

119 379 226 420 denti
248 380 295 419 de
316 379 517 431 provincia
540 381 749 432 deportare
767 381 857 420 inde
881 379 1109 424 exercitum,
1134 379 1247 418 cuius
1268 379 1361 418 sorti
1384 392 1502 431 opera
1526 386 1564 419 et

117 437 204 490 ipse
226 443 264 477 et
283 437 397 477 multi
429 444 518 477 ante
541 451 629 477 eum
661 445 864 489 praetores
895 437 957 477 usi
988 443 1135 483 essent,
1158 436 1314 484 liceret;
1338 437 1442 488 quod
1465 437 1563 486 fieri,

117 500 392 547 praeterquam
413 496 519 547 quod
542 496 593 535 ita
616 496 787 541 deberet,
806 495 921 535 etiam
943 507 1069 546 prope
1092 494 1358 533 necessarium
1377 507 1483 534 esse:
1513 495 1564 534 ita
1583 503 1601 534 7

117 552 223 592 enim
246 552 464 593 obstinatos
485 566 572 593 esse
602 553 758 603 milites,
791 560 834 592 ut
857 565 937 592 non
960 552 1059 592 ultra
1081 552 1244 591 retineri
1267 564 1384 602 posse
1407 551 1447 591 in
1469 564 1564 604 pro-

115 610 243 649 vincia
262 610 503 654 viderentur,
526 611 762 662 iniussuque
783 610 927 650 abituri
956 610 1048 649 inde
1070 616 1214 656 essent,
1236 609 1267 648 si
1291 622 1371 648 non
1395 610 1565 649 dimitte-

115 673 268 718 rentur,
291 675 359 708 aut
377 668 418 707 in
439 669 726 720 perniciosam,
748 668 781 707 si
803 667 892 720 quis
913 668 1081 720 inpense
1103 666 1306 712 retineret.
1329 667 1564 707 seditionem

116 726 307 765 exarsuri.
351 726 583 765 consulibus
614 725 805 765 ambobus
836 725 1077 777 provinciam
1106 724 1272 774 Ligures
1296 737 1381 763 esse
1404 731 1563 765 senatus
1584 733 1603 765 S

115 782 244 823 iussit.
285 789 490 835 praetores
500 783 592 823 inde
605 784 732 823 sortiti
752 789 866 822 sunt:
886 786 929 822 A.
949 782 1116 822 Hostilio
1135 782 1298 828 urbana,
1311 782 1371 821 Ti.
1387 782 1561 822 Minucio

115 840 326 892 peregrina
348 840 519 889 obvenit,
536 840 580 880 P.
600 841 783 881 Cornelio
802 840 946 888 Sicilia,
966 839 1007 880 C.
1025 839 1178 879 Maenio
1197 839 1401 888 Sardinia;
1422 839 1562 893 Hispa·
1583 849 1602 881 9

115 897 201 937 nias
222 898 352 937 sortiti
374 898 417 937 L.
439 897 668 938 Postumius
689 899 931 945 ulteriorem,
954 897 1014 937 Ti.
1037 897 1301 950 Sempronius
1324 897 1561 937 citeriorem.

115 955 149 995 is
170 954 261 1007 quia
284 968 544 996 successurus
567 956 612 1002 Q.
635 956 769 996 Fulvio
794 963 886 1003 erat,
910 969 959 995 ne
1000 961 1130 994 vetere
1163 955 1337 995 exercitu
1359 956 1561 1006 provincia
1586 964 1623 996 10

116 1012 366 1064 spoliaretur,
392 1017 595 1066 „quaero“
618 1014 750 1065 inquit
779 1013 854 1062 „de
884 1020 935 1059 te,
966 1013 1009 1052 L.
1042 1013 1205 1060 Minuci,
1229 1025 1319 1051 cum
1343 1013 1560 1053 confectam

114 1070 358 1122 provinciam
380 1071 554 1119 nunties,
576 1071 827 1111 existimesne
850 1070 1065 1110 Celtiberos
1090 1076 1282 1122 perpetuo
1299 1070 1337 1109 in
1355 1070 1429 1109 fide
1450 1083 1564 1110 man·

114 1140 244 1176 suros,
271 1128 323 1167 ita
344 1135 388 1167 ut
410 1128 496 1168 sine
519 1129 694 1168 exercitu
717 1141 759 1168 ea
782 1128 983 1180 provincia
1007 1127 1177 1166 obtineri
1199 1125 1354 1179 possit?
1376 1127 1407 1166 si
1431 1140 1561 1180 neque
1585 1137 1619 1170 11

114 1186 162 1225 de
182 1186 258 1226 fide
279 1185 537 1225 barbarorum
551 1187 764 1238 quicquam
786 1186 964 1238 recipere
982 1190 1048 1224 aut
1068 1185 1275 1224 adfirmare
1295 1185 1410 1224 nobis
1433 1192 1561 1237 potes,

115 1248 154 1283 et
174 1243 399 1283 habendum
419 1243 500 1283 illic
521 1244 658 1296 utique
681 1244 896 1283 exercitum
914 1255 1065 1290 censeS,
1089 1250 1222 1282 utrum
1245 1243 1401 1282 tandem
1423 1250 1561 1283 auctor

114 1301 268 1341 senatui
299 1300 353 1341 sis
393 1301 715 1353 supplementum
750 1302 790 1341 in
822 1301 1051 1353 Hispaniam
1083 1300 1277 1346 mittendi,
1309 1307 1352 1339 ut
1381 1301 1405 1339 ii
1428 1303 1559 1349 m0d0‚

115 1358 260 1411 quibus
278 1358 438 1399 emerita
461 1359 656 1411 stipendia
679 1359 770 1411 sint,
793 1358 937 1397 milites
960 1358 1218 1406 dimittantur,
1241 1357 1437 1398 veteribus
1460 1359 1561 1398 mili-

112 1416 219 1456 tibus
248 1416 399 1456 tirones
428 1417 735 1465 inmisceamur,
765 1429 814 1456 an
847 1416 1024 1455 deductis
1054 1416 1100 1455 de
1131 1415 1331 1467 provincia
1362 1417 1558 1456 veteribus
1582 1424 1618 1457 12

112 1473 337 1525 legionibus
354 1486 473 1513 novas
495 1474 773 1514 conscribendi
796 1480 833 1514 et
851 1473 1044 1521 mittendi,
1068 1486 1155 1512 cum
1176 1479 1447 1525 contemptum
1465 1474 1560 1513 tiro-

114 1531 264 1571 cinium
294 1531 409 1570 etiam
439 1532 617 1571 mitiores
638 1531 826 1571 barbaros
850 1531 1019 1570 excitare
1041 1531 1087 1570 ad
1109 1530 1379 1570 rebellandum
1403 1530 1558 1583 possit?

113 1588 221 1628 dictu
237 1601 354 1640 quam
375 1602 420 1628 re
440 1589 594 1629 facilius
616 1589 666 1628 sit
686 1589 930 1641 provinciam
952 1588 1113 1639 ingenio
1134 1588 1322 1636 ferocem,
1344 1589 1562 1629 rebellatri-
1585 1599 1621 1631 13

113 1668 168 1708 33,
183 1668 221 1706 9;
236 1668 290 1704 39,
305 1670 336 1700 2.
355 1686 401 1690 —
415 1670 559 1710 portato
586 1667 652 1699 wie
678 1668 801 1701 vorlici·
872 1669 902 1704 7.
928 1677 969 1699 zu
997 1668 1050 1707 33,
1070 1668 1119 1700 13.
1139 1669 1196 1701 15:
1225 1666 1290 1699 Cic.
1314 1667 1384 1700 Att.
1408 1669 1458 1703 13.
1476 1671 1504 1704 1.
1520 1670 1558 1701 2:

113 1711 334 1753 confectam,·
358 1713 417 1746 dei·
439 1713 542 1756 Krieg
566 1713 652 1746 wird
678 1714 799 1747 anders
870 1715 1040 1755 quoniam
1070 1713 1112 1745 de
1145 1716 1277 1745 aestate
1299 1713 1483 1756 polliceris
1507 1715 1563 1746 vel

112 1758 249 1802 gesiihrt
275 1758 326 1792 als
351 1769 419 1792 von
446 1759 540 1795 Cato.
568 1770 592 1792 s.
621 1761 675 1799 34,
698 1762 799 1798 9.1·2.

111 1804 182 1838 und
197 1805 243 1838 ist
261 1804 365 1838 daher
381 1804 599 1848 kostspielig.
617 1816 642 1839 S.
657 1805 800 1839 Monun-

112 1860 174 1884 sen
183 1850 221 1884 R.
233 1850 269 1884 G.
288 1852 443 1893 1,678.—
453 1852 651 1893 honosetc..
661 1862 686 1885 s.
699 1854 754 1894 41,
767 1855 798 1890 6.

111 1899 144 1930 4.
161 1916 208 1920 —
225 1897 354 1938 decad„
380 1898 434 1939 32,
450 1898 480 1940 7,
495 1899 525 1931 4.
545 1917 586 1921 -
603 1897 705 1940 forti,
731 1899 797 1931 wie

112 1953 140 1976 c.
167 1945 290 1985 36,11,
314 1942 383 1986 vgl.
410 1944 464 1985 22,
480 1945 534 1985 60,
549 1945 601 1977 20.
628 1963 673 1968 —
696 1945 801 1977 multi

111 1999 144 2021 α.
169 2000 197 2021 e.
215 2000 287 2032 pr„
312 1999 338 2023 s.
365 1990 488 2031 39‚38,
518 1991 568 2023 12.
587 2009 631 2013 —-
647 1992 699 2023 ita
724 1991 799 2023 deb.

112 2034 214 2067 weist
237 2034 298 2068 auf
319 2035 402 2075 fieri
424 2034 570 2077 zuriick,
606 2047 678 2069 was
712 2037 799 2070 auch

112 2079 240 2113 wieder
264 2080 412 2123 gedacht
436 2081 574 2114 werden
600 2081 707 2116 kann.
739 2083 799 2115 ob-

111 2125 225 2168 gleich
242 2136 279 2159 es
296 2126 391 2159 nicht
408 2127 632 2170 nothwendig
650 2128 704 2166 ist,
727 2128 795 2171 vgl.

112 2173 144 2214 8,
157 2173 190 2213 9,
204 2174 242 2205 9:
269 2173 356 2205 haec
372 2174 423 2205 ita
438 2176 627 2215 precatus;
656 2176 684 2208 1.
696 2177 750 2211 55.
765 2177 796 2209 6.

110 2219 260 2259 —itae—
270 2219 367 2261 obst„
379 2220 433 2253 30.
444 2220 698 2261 32,11;36,1S.
710 2222 740 2253 7.
752 2239 798 2244 —-

111 2275 183 2296 esse
198 2284 244 2289 —
260 2275 341 2306 esse,
359 2274 384 2298 s.
405 2275 432 2298 c,
452 2267 505 2306 34,
523 2267 560 2298 11
575 2279 582 2303 ;
609 2276 668 2298 zur
686 2265 796 2299 Sache

112 2320 137 2343 s.
162 2309 245 2343 lhne
269 2312 302 2352 3,
326 2312 402 2344 319.
429 2330 474 2334 -—
499 2310 641 2354 Ligur„
675 2311 740 2344 wie
767 2322 794 2345 c.

157 2403 281 2436 9—12.
306 2402 510 2444 Hispanias,
536 2413 561 2436 s.
588 2414 615 2436 c.
639 2405 666 2438 1.
681 2404 711 2436 2.
738 2402 798 2435 Die

111 2446 193 2490 folg.
219 2446 464 2491 Verbandlung
496 2448 541 2482 ist
574 2448 633 2481 der
667 2450 721 2486 39.
744 2450 798 2482 38.

111 2494 131 2526 8
146 2493 179 2527 ff.
206 2493 409 2527 wesentlich
430 2494 552 2537 gleich.
578 2514 623 2517 —
648 2494 798 2535 Mimcei,

112 2538 172 2572 der
202 2539 253 2573 als
285 2539 420 2582 legatus
445 2540 505 2574 das
535 2539 633 2574 Wort
661 2541 797 2583 gesfihrt

111 2584 180 2618 hat.
193 2587 410 2628 —reeipere
434 2596 466 2620 n
492 2588 530 2618 in
557 2589 599 2629 te,
625 2597 650 2620 s.
674 2589 727 2626 39
743 2589 797 2620 47.

867 1761 989 1802 potius
1005 1760 1146 1801 recipis.
1161 1778 1205 1782 —
1218 1762 1310 1791 auct.
1322 1762 1477 1801 —mz'lt.,
1504 1762 1558 1796 26.

869 1808 901 1838 4.
928 1808 978 1840 10.
1012 1815 1053 1837 zu
1084 1807 1137 1838 35.
1162 1806 1216 1838 25.
1241 1808 1270 1838 5.
1300 1825 1337 1828 —
1367 1807 1460 1848 quib.
1495 1817 1558 1839 em.

868 1854 910 1884 st.
927 1863 965 1891 ,s-.,
984 1862 1008 1884 s.
1029 1861 1056 1884 c.
1077 1852 1130 1885 36.
1149 1852 1206 1888 10;
1224 1853 1277 1892 39,
1292 1854 1330 1885 4:
1349 1855 1558 1893 veteranos,-

870 1899 900 1936 3,
919 1899 974 1931 57.
998 1900 1028 1930 9.
1056 1917 1099 1920 —
1126 1899 1279 1937 tiz-ocia..
1310 1897 1469 1931 abstract.
1497 1909 1558 1941 pro

870 1948 1050 1977 concreto.
1083 1954 1109 1976 s.
1146 1954 1172 1976 c.
1207 1944 1237 1984 S,
1266 1946 1317 1977 15.
1368 1943 1480 1976 [eber
1505 1944 1558 1977 die

869 1989 968 2022 Form
987 1989 1045 2022 der
1062 1988 1153 2021 Rode
1172 2000 1197 2022 s.
1218 1991 1248 2023 S.
1263 1991 1317 2023 32.
1334 1989 1398 2024 31,,
1414 1993 1444 2024 4.
1460 1992 1514 2031 40,
1527 1993 1557 2024 6.

918 2037 1061 2069 13—-14,
1087 2035 1186 2074 fac-il.
1211 2037 1274 2076 sit,
1308 2046 1344 2068 es
1377 2036 1489 2069 doffte
1514 2056 1559 2060 —

869 2081 953 2115 sein.
980 2081 1072 2114 nicht
1092 2081 1180 2114 ohne
1199 2080 1319 2117 Ironie.
1346 2081 1414 2123 vgl.
1434 2084 1487 2115 32.
1503 2085 1557 2119 32.

872 2130 922 2160 16:
957 2138 1071 2170 neque
1096 2130 1189 2160 enim
1219 2138 1329 2170 aeque
1359 2127 1557 2168 difficulter

867 2175 1094 2214 substituant,
1121 2175 1174 2208 35.
1203 2175 1253 2208 16.
1275 2176 1296 2207 4
1331 2172 1426 2207 πίΙιιΙ
1456 2174 1559 2206 alind

862 2218 1028 2261 profecto
1055 2219 1202 2252 dleatis:
1229 2221 1356 2255 21.1S
1373 2223 1410 2257 ὓς
1437 2219 1480 2252 il).
1500 2222 1555 2259 47,

868 2267 906 2297 5:
943 2276 982 2297 ea
1009 2267 1072 2297 via:
1097 2266 1202 2304 sidem
1226 2264 1402 2305 fecerint,-
1433 2267 1486 2300 22.
1502 2268 1555 2304 60,

868 2311 928 2348 2ος
946 2312 999 2349 23,
1014 2312 1068 2345 42.
1087 2313 1144 2347 12;
1168 2310 1427 2353 Madxmigverm
1446 2305 1556 2349 faede

870 2359 940 2396 est.-
965 2367 1042 2389 zum
1060 2356 1241 2389 Ausdruck
1266 2367 1290 2389 s.
1321 2358 1375 2393 31,
1391 2359 1444 2390 38,
1459 2361 1488 2391 3.
1512 2376 1557 2381 —

869 2403 942 2443 ing.
968 2401 1092 2443 fet-oc„
1118 2404 1189 2434 reb.
1216 2402 1259 2435 ist
1286 2402 1345 2435 auf
1363 2405 1556 2445 provincia

867 2448 1040 2490 bezogen,
1076 2448 1154 2480 weil
1181 2448 1279 2480 dabei
1314 2458 1355 2480 an
1381 2448 1440 2482 (las
1466 2448 1557 2483 Volk

869 2493 1012 2536 gedacht
1048 2493 1150 2526 wird.
1185 2494 1245 2527 mit
1277 2494 1353 2526 dem
1378 2493 1480 2538 Krieg
1514 2507 1555 2529 zu

869 2539 989 2572 stilti-eu
1008 2539 1089 2573 oder
1107 2539 1166 2572 das
1184 2550 1226 2572 zu
1250 2540 1404 2583 regieren
1427 2541 1557 2584 eigent-

869 2585 936 2618 lich
956 2585 1009 2618 die
1030 2588 1222 2629 provincia
1241 2597 1322 2628 war,
1349 2586 1416 2629 vgl.
1436 2589 1554 2630 39:29,
