1779 2893
125 117 154 137 a.
174 108 231 137 Ch·
251 109 310 136 171.

590 96 716 130 LIBER
741 96 902 130 xxxxu.
951 96 1047 131 CAP.
1075 98 1129 132 59,

1503 93 1584 133 157

126 220 250 255 retur.
303 227 328 250 κ
361 227 386 251 ÷÷
405 214 544 267 yladiis
565 215 698 254 hastas
720 219 855 267 petere
876 214 1030 266 pedites
1050 227 1074 247 ÷÷
1108 226 1131 247 ÷÷
1166 225 1299 266 mque,
1323 226 1432 253 nunc
1453 213 1582 253 succi-

127 273 220 312 dere
242 285 358 313 crura
379 272 505 325 equis,
528 284 639 312 nunc
660 271 726 312 ilia
747 271 958 311 suffodere.
1000 271 1169 312 Perseus
1190 271 1231 310 in
1253 272 1422 311 mediam
1449 271 1582 311 invec-
1604 278 1625 311 4

127 336 195 370 tus
215 331 341 370 aciem
362 329 534 370 Graecos
564 330 692 383 primo
724 329 876 381 impetu
907 329 1045 368 avertit
1059 343 1068 377 ;
1102 329 1248 382 quibus
1269 342 1360 369 cum
1385 329 1514 381 gravis
1534 328 1582 368 ab

126 394 240 440 tergo
261 388 423 428 instaret
454 387 602 436 hostis,
634 387 913 427 Thessalorum
947 386 1169 439 equitatus,
1193 387 1260 439 qui
1282 400 1303 427 a
1325 387 1433 427 laevo
1456 399 1584 427 cornu

126 445 236 485 brevi
257 445 386 499 spatio
408 445 610 485 diiunctus
631 446 672 484 in
694 444 882 484 subsidiis
903 444 1031 484 fuerat
1048 451 1153 484 extra
1169 457 1431 492 concursum,
1453 445 1582 498 primo

129 509 329 556 spectator
350 503 597 551 certaminis,
621 502 762 543 deinde
786 502 974 542 inclinata
995 514 1038 542 re
1059 514 1244 542 maxumo
1266 503 1356 542 usui
1389 503 1476 542 suit,
1520 515 1585 542 ce·
1606 509 1626 542 5

127 561 266 600 dentes
297 561 404 600 enim
434 562 582 601 sensim
612 560 776 612 integris
808 559 1035 608 ordinibus,
1073 566 1283 613 postquam
1321 573 1362 600 se
1394 560 1586 600 Eumenis

127 618 284 658 auxiliis
304 618 571 659 adiunxerunt
585 650 594 667 ,
626 625 664 658 et
685 631 776 658 cum
799 630 845 657 eo
868 623 999 657 tutum
1023 617 1126 657 inter
1148 618 1308 657 ordines
1330 631 1424 658 suos
1444 631 1585 671 recep-

125 682 212 715 tum
233 676 353 717 sociis
380 676 472 728 fuga
495 676 695 730 dissipatis
716 676 862 716 dabant
884 682 942 724 et,
975 688 1065 715 cum
1096 676 1230 715 minus
1252 676 1421 716 conferti
1450 677 1587 716 hostes

127 734 347 781 instarent,
370 735 558 787 progredi
581 734 696 774 etiam
719 734 804 774 ausi
825 733 975 773 multos
997 733 1235 785 fugientium
1261 733 1399 773 obvios
1421 746 1586 786 excepe-

127 797 236 831 runt.
278 804 353 832 nec
374 792 488 845 regii,
510 792 638 846 sparsi
660 792 736 832 iam
758 791 834 845 ipsi
857 790 1002 845 passim
1024 792 1229 844 sequendo
1243 822 1252 839 ,
1284 803 1375 831 cum
1398 791 1589 831 ordinatis
1608 797 1628 830 6

128 855 169 889 et
199 855 307 890 certo
337 849 615 890 incedentibus
645 850 770 902 gradu
801 862 943 889 manus
982 862 1193 889 conserere
1225 849 1434 889 audebant.

127 906 254 947 victor
274 908 450 960 equestri
472 908 624 961 proelio
646 921 729 956 rex,
751 920 871 960 parvo
889 914 1092 947 momento
1116 907 1147 947 si
1169 907 1427 954 adiuvissent,
1450 906 1587 946 debel-

126 965 251 1005 latum
269 977 356 1005 esse
388 977 413 1000 κ
425 996 434 1013 ,
458 973 687 1019 opportune
699 966 746 1005 ad
762 966 1002 1005 hortandum
1019 965 1249 1018 supervenit
1266 965 1451 1018 phalanx,
1471 977 1589 1018 quam

127 1035 200 1063 sua
229 1029 398 1076 sponte,
430 1036 479 1063 ne
509 1024 647 1064 audaci
677 1029 819 1076 coepto
851 1024 1055 1069 deessent,
1094 1023 1261 1076 Hippias
1292 1029 1330 1062 et
1360 1023 1590 1063 Leonnatus

127 1080 272 1134 raptim
293 1081 557 1133 adduxerant,
581 1089 792 1135 postquam
809 1094 999 1134 prospere
1015 1094 1212 1134 pugnasse
1230 1081 1404 1133 equitem
1426 1094 1590 1134 accepe-

129 1145 239 1180 runt.
281 1139 490 1179 fluctuanti
511 1152 604 1191 rege
627 1140 731 1179 inter
753 1151 864 1191 spem
886 1146 1117 1192 metumque
1148 1145 1280 1178 tantae
1307 1138 1365 1178 rei
1388 1139 1591 1179 conandae
1612 1146 1631 1180 8

130 1196 334 1236 Cretensis
363 1196 567 1245 Euander,
607 1210 686 1250 quo
719 1197 901 1236 ministro
931 1197 1096 1250 Delphis
1126 1197 1173 1236 ad
1206 1197 1368 1236 insidias
1400 1197 1592 1236 Eumenis

130 1254 238 1306 regis
258 1266 356 1294 usus
378 1262 480 1302 erat,
503 1261 717 1308 postquam
739 1267 881 1307 agmen
904 1255 1083 1308 peditum
1104 1255 1347 1294 venientium
1371 1254 1443 1294 sub
1466 1254 1591 1306 signis

128 1312 248 1360 vidit,
278 1312 325 1351 ad
356 1323 493 1364 regem
522 1313 696 1353 adcurrit
729 1319 766 1352 et
789 1325 954 1352 monere
977 1312 1142 1361 institit,
1176 1326 1225 1352 ne
1248 1313 1375 1352 elatus
1406 1312 1592 1353 felicitate
1613 1320 1633 1353 9

133 1416 171 1453 3;
199 1416 255 1456 34,
285 1417 335 1454 14,
362 1416 394 1448 6.
427 1433 473 1438 —
499 1414 620 1446 hastas
653 1418 729 1455 etc,
754 1414 825 1458 vgl.

129 1473 161 1494 c.
188 1462 245 1503 60,
269 1462 302 1494 2.
326 1479 372 1484 —
396 1459 461 1492 ilia
486 1459 583 1492 mehr
607 1459 824 1494 dieliteriseh.

182 1508 230 1540 4-
238 1509 269 1541 6.
284 1506 517 1540 1'nmed.-ac.
533 1506 588 1547 ist,
599 1516 700 1539 wenn
715 1506 827 1540 nichts

130 1552 236 1595 fehlt,
271 1552 353 1586 eher
385 1552 664 1595 L'ngenauigkeit
689 1553 740 1586 Ls'
777 1554 826 1586 als

131 1598 253 1633 Fehler
263 1598 324 1632 der
331 1598 569 1640 Abschreiber,
579 1598 723 1632 Perseus
734 1599 827 1633 hatte

132 1645 221 1679 nach
234 1646 327 1685 c.58,
341 1647 379 1679 13
397 1644 679 1678 aufr6n1.Reiter
691 1650 827 1680 stossen

131 1691 287 1731 miissem
315 1690 403 1725 doch
429 1690 504 1724 sind
531 1691 636 1733 diese,
663 1702 688 1724 s.
716 1694 827 1733 c.›58,

140 1740 190 1779 11,
205 1737 296 1771 viell.
311 1737 405 1771 nicht
418 1737 587 1779 erwahnt,
603 1748 659 1770 uni
674 1737 728 1771 die
744 1738 827 1771 Vor-

67 1797 74 1803 ·
133 1784 243 1817 wfirfe
268 1794 296 1817 c.
323 1786 383 1824 60,
415 1785 434 1818 S
466 1794 507 1817 zu
541 1784 754 1818 motivieren.
782 1805 827 1809 -—

133 1832 273 1873 gravis,
302 1831 356 1870 27,
376 1833 452 1869 4,1.
479 1849 523 1854 -
549 1833 644 1862 inter
669 1831 758 1872 ord„
773 1833 828 1873 30,

134 1878 189 1918 33,
217 1878 248 1911 3.
273 1895 318 1900 -
343 1887 478 1919 excep„
501 1877 535 1909 in
561 1882 678 1919 gutem
705 1877 828 1915 Sinne;

133 1921 224 1956 doch
250 1922 295 1956 ist
328 1921 383 1956 die
407 1922 517 1956 Sache
542 1923 636 1956 nicht
662 1923 752 1965 klar,
787 1923 828 1956 da

132 1968 223 2002 auch
255 1968 308 2003 die
334 1969 367 2001 in
399 1968 466 2002 den
492 1969 650 2002 Worten:
683 1972 828 2003 sociis-

138 2015 301 2058 dissipat.
345 2015 596 2049 Bezeichneten
644 2015 828 2050 Fliehende

137 2070 274 2100 waren3
291 2061 463 2095 einfacher
476 2062 568 2095 ware
583 2061 643 2095 der
656 2062 829 2103 Gedanke,

136 2117 239 2141 wenn
263 2117 301 2140 es
326 2109 561 2150 sequentium,
588 2109 643 2148 22,
670 2110 724 2148 29,
741 2111 760 2142 4
775 2108 830 2143 od.

134 2155 425 2196 persequentium
448 2153 571 2187 hiesse.
586 2173 629 2178 —
645 2155 832 2194 incedent„

135 2199 215 2232 weil
248 2199 298 2233 sie
333 2199 420 2233 nach
454 2201 474 2241 ξ
501 2201 520 2233 5
552 2200 597 2232 im
632 2200 831 2234 Vorriickeu

136 2245 302 2289 begriffen
328 2245 414 2279 sind.
698 2260 699 2263 ¹

184 2293 309 2326 7—11.
334 2303 448 2335 parvo
476 2302 533 2334 m„
559 2302 586 2325 S.
606 2293 661 2333 21,
687 2294 741 2334 43,
770 2295 830 2325 11:

135 2338 274 2381 perlevi
305 2341 504 2379 mome7zl0,·
538 2339 570 2379 8,
605 2340 656 2379 19,
691 2340 727 2371 8:
764 2338 834 2370 levi

136 2388 313 2417 momento
327 2395 360 2417 u.
376 2394 405 2417 a.
433 2385 660 2417 —adz'zti·z'ss.
687 2388 762 2424 etc„
790 2384 832 2417 da

136 2429 192 2463 die
217 2429 274 2463 Hs.
306 2430 501 2463 adiuvisset
531 2431 745 2463 debellatum
783 2443 832 2463 es-

138 2479 211 2508 seet
235 2475 306 2518 hat,
330 2487 369 2510 so
393 2476 485 2511 kann
499 2477 585 2510 auch
603 2476 664 2510 das
678 2476 832 2511 Letztere

138 2520 331 2556 verdorben
365 2523 456 2564 sein,
490 2523 644 2557 wesbalb
671 2523 832 2566 Sigonius

140 2567 382 2601 debellaturus
415 2574 503 2603 esset
536 2569 672 2607 anderu
705 2569 739 2601 in
774 2569 833 2603 der

138 2614 446 2659 ausgenommenen
469 2615 585 2650 Lesart
610 2616 654 2649 ist
681 2615 834 2648 debella-

898 1419 972 1448 tum
999 1426 1070 1447 esse
1095 1414 1283 1458 gebraucht
1316 1414 1381 1446 wie
1416 1416 1447 1455 3,
1475 1416 1529 1454 50,
1555 1416 1591 1448 6:

897 1461 1027 1501 fuisse,
1060 1461 1130 1504 vgl.
1164 1461 1208 1493 ib.
1236 1463 1289 1502 72,
1322 1463 1361 1502 ῖς
1397 1462 1452 1501 28,
1479 1462 1533 1501 34,
1560 1462 1592 1502 8,

898 1507 966 1540 und
995 1506 1054 1540 der
1080 1507 1211 1540 Aussall
1237 1507 1330 1540 eines
1344 1506 1513 1539 Verbum:
1541 1507 1595 1539 da·-

899 1557 1003 1595 cerel,
1030 1554 1214 1589 clamaret,
1240 1557 1354 1593 ratus,
1371 1563 1398 1586 s.
1419 1555 1475 1594 24,
1490 1554 1544 1596 39,
1562 1555 1593 1592 7,

898 1604 1168 1643 vorausgesetzt.
1206 1599 1294 1633 Statt
1310 1600 1358 1631 acl
1373 1599 1592 1632 hortandum

899 1646 958 1679 hat
991 1645 1045 1679 die
1071 1646 1127 1680 Hs.
1155 1646 1383 1687 adhortanti,
1417 1655 1488 1679 was
1513 1645 1594 1679 aber

897 1692 974 1725 dem
990 1692 1084 1735 Folg.
1100 1692 1374 1735 widersprecheu
1397 1691 1526 1733 wiirde,
1551 1692 1594 1725 da

898 1738 958 1771 der
972 1738 1094 1782 Konig,
1120 1749 1221 1771 wenn
1247 1749 1282 1772 er
1302 1739 1391 1780 jetzt
1417 1738 1523 1771 sebon
1539 1737 1594 1771 die

898 1784 1014 1817 Reiter
1037 1795 1078 1817 zu
1104 1785 1213 1818 einen]
1240 1795 1351 1818 neuen
1365 1784 1504 1827 Angriff
1523 1784 1595 1817 auf—

898 1830 1038 1871 fordert,
1056 1841 1123 1863 von
1139 1831 1198 1863 der
1208 1830 1362 1864 Phalanx
1376 1833 1595 1869 untersttitzt,

899 1877 1017 1910 diesen
1055 1877 1143 1910 noch
1178 1877 1260 1910 weit
1293 1876 1426 1910 ktihner
1457 1883 1595 1921 gewagt

899 1923 1009 1957 haben
1027 1923 1161 1961 wiirde;
1190 1923 1353 1957 wahrend
1380 1923 1413 1956 in
1440 1923 1488 1955 ad
1513 1925 1594 1956 lior-

902 1969 1000 2002 tund.
1026 1975 1091 2003 etc.
1118 1970 1190 2003 sein
1204 1969 1339 2013 Mangel
1365 1969 1597 2003 anEntschie-

900 2015 1041 2049 denheit
1054 2016 1122 2049 und
1137 2015 1434 2049 Selbstvertrauen
1458 2015 1596 2049 hervor-

900 2063 985 2104 tritt,
1012 2062 1081 2106 vgl,
1108 2066 1162 2103 30,
1192 2064 1245 2104 12,
1266 2065 1301 2096 9:
1325 2066 1597 2105 peropportune

903 2108 951 2141 ad
986 2109 1254 2148 confirmandos
1283 2111 1421 2141 animos
1437 2128 1463 2131 —
1482 2108 1598 2148 venel,-

902 2155 986 2187 iiber
1016 2154 1079 2187 deu
1112 2155 1291 2188 absoluten
1318 2154 1495 2188 Gebrauch
1527 2165 1597 2188 von

903 2203 1136 2244 supervenire
1161 2212 1188 2234 s.
1209 2203 1240 2243 2,
1267 2204 1298 2240 6,
1328 2204 1386 2241 103
1415 2203 1469 2241 34,
1495 2202 1549 2242 28,
1576 2203 1596 2234 4

903 2258 936 2280 u.
971 2257 1016 2285 a.;
1052 2258 1129 2280 zum
1163 2247 1347 2281 Gedanken
1386 2249 1440 2288 36,
1478 2250 1529 2289 10,
1555 2248 1595 2280 9;

903 2297 1040 2326 incerto
1066 2296 1147 2336 rege⁴
1170 2296 1266 2326 inter
1285 2304 1382 2336 spem
1396 2297 1598 2336 metumque

905 2340 1018 2382 legati
1032 2361 1049 2363 e
1063 2342 1203 2373 animos
1229 2344 1422 2372 azaz-erunt.
1448 2359 1491 2363 —
1509 2340 1595 2380 flue-

905 2389 1034 2427 tnanli,
1060 2397 1086 2419 s.
1103 2396 1132 2419 c.
1150 2389 1203 2427 33,
1219 2388 1250 2419 2.
1278 2406 1321 2409 —
1347 2389 1512 2428 metumq.
1527 2398 1596 2420 -r.

905 2432 1072 2474 oonand„
1087 2434 1141 2473 39,
1155 2435 1210 2470 37,
1232 2434 1282 2465 10.
1300 2451 1341 2455 —
1356 2432 1463 2464 insiti.
1482 2432 1596 2474 Eum„

904 2478 969 2510 wie
996 2480 1051 2520 39,
1078 2480 1132 2521 26,
1160 2481 1197 2516 3;
1231 2478 1299 2511 Cic.
1327 2477 1458 2511 Cluent.
1485 2480 1514 2519 7,
1541 2480 1597 2521 20,

902 2524 975 2567 vgl.
1002 2526 1033 2566 2,
1065 2527 1115 2566 12,
1145 2526 1202 2557 12:
1230 2524 1447 2557 insidiarum
1459 2526 1597 2558 sibi.-

903 2570 1014 2613 pedit.
1041 2574 1083 2604 st.
1109 2570 1170 2604 des
1196 2570 1270 2604 hds.
1286 2570 1502 2614 inpeditum,
1526 2571 1595 2614 vgl.

905 2618 960 2657 21,
976 2620 1007 2659 5,
1025 2618 1076 2651 10.
1101 2636 1144 2641 -
1173 2616 1221 2649 ad
1244 2627 1378 2659 regem,
1403 2627 1521 2661 wegen
1539 2617 1597 2650 der

1497 861 1589 889 cum
1609 857 1627 889 ’ἵ
