1747 2796
233 54 285 94 24
691 55 816 89 LIBER
840 55 986 89 xxxlx.
1037 55 1129 89 CAP.
1161 57 1208 90 13.
1506 73 1532 93 a.
1554 73 1581 94 u.
1602 67 1660 93 568.

232 171 378 211 admitti
400 170 578 219 solitum3
610 178 690 210 tres
711 171 750 210 in
773 183 877 210 anno
907 176 1025 209 statos
1047 171 1129 210 dies
1149 169 1345 217 habuisse,
1367 170 1510 221 quibus
1538 170 1660 210 inter-

232 228 297 267 diu
329 227 489 266 Bacchis
519 228 787 278 initiarentur,
829 227 1050 267 sacerdotes
1080 227 1119 266 in
1158 227 1280 266 vicem
1311 232 1507 267 matronas
1537 227 1660 267 creari

192 292 212 323 9
233 285 375 324 solitas.
437 283 632 323 Pacullam
653 284 821 323 Anniam
854 284 1085 336 Campanam
1116 283 1358 323 sacerdotem
1389 283 1532 332 omnia,
1562 290 1660 324 tam—

232 352 346 392 quam
378 341 493 379 deum
523 342 689 389 monitu,
719 342 953 389 inmutasse3
977 353 1063 380 nam
1086 347 1123 380 et
1142 340 1245 380 viros
1266 352 1348 379 eam
1370 341 1534 392 primam
1561 340 1661 379 filios

232 409 325 437 suos
363 397 547 446 initiasse,
580 398 742 437 Minium
774 404 811 437 et
841 397 1081 437 Herennium
1114 397 1323 443 Cerrinios,
1355 404 1392 436 et
1423 402 1660 437 nocturnum

231 466 383 493 sacrum
406 467 451 493 ex
481 455 622 494 diurno
653 460 691 494 et
710 467 782 506 pro
813 454 939 493 tribus
969 454 1008 493 in
1038 466 1142 493 anno
1165 454 1301 493 diebus
1331 454 1474 505 quinos
1494 454 1661 506 singulis

173 519 210 551 10
230 511 430 551 mensibus
452 511 532 550 dies
558 511 758 551 initiorum
774 511 925 550 fecisse.
985 523 1030 549 ex
1052 512 1185 562 quoin
1208 510 1432 562 promiscuo
1453 522 1562 550 sacra
1583 511 1664 550 sint

232 573 269 607 et
299 568 478 620 permixti
508 568 578 607 viri
610 568 778 615 feminis,
811 574 848 607 et
880 567 1005 607 noctis
1035 567 1189 607 licentia
1218 568 1447 615 accesserit,
1480 567 1577 607 nihil
1606 567 1659 606 ibi

230 625 427 672 facinoris,
461 625 556 664 nihil
578 625 712 676 flagitii
735 624 1065 677 praetermissum.
1125 625 1236 675 plura
1259 625 1429 663 virorum
1453 625 1556 665 inter
1575 636 1661 664 sese

172 689 205 720 11
230 694 344 733 quam
365 682 598 721 feminarum
621 695 705 721 esse
727 688 873 733 stupra.
935 682 967 720 si
997 681 1064 732 qui
1085 681 1216 720 minus
1236 681 1428 733 patientes
1458 681 1660 721 dedecoris

230 739 309 778 sint
338 745 376 778 et
396 738 587 790 pigriores
611 739 657 778 ad
691 739 853 786 lacinus,
876 750 946 790 pro
978 738 1143 777 victimis
1173 738 1365 777 inmolari.
1424 738 1523 777 nihil
1553 739 1662 778 nefas

172 801 208 833 12
230 795 391 843 ducere,
424 795 525 834 hanc
554 808 745 834 summam
777 795 878 834 inter
909 807 975 834 eos
1005 795 1234 845 religionem
1266 807 1363 834 esse.
1423 795 1526 834 viros
1555 795 1661 834 velut

229 858 359 891 mente
381 857 491 903 capta
508 865 596 891 cum
619 852 823 892 iactatione
843 852 1006 891 fanatica
1022 852 1199 903 corporis
1224 851 1441 900 vaticinari3
1464 857 1660 891 matronas

145 903 178 958 ζ
230 908 467 948 Baccharum
512 909 645 948 habitu
695 909 871 948 crinibus
918 909 1065 960 sparsis
1109 920 1199 947 cum
1242 907 1468 948 ardentibus
1510 908 1661 947 facibus

230 965 439 1004 decurrere
469 965 515 1004 ad
546 966 717 1005 Tiberim
748 965 1011 1017 demissasque
1033 964 1072 1004 in
1104 977 1242 1016 aquam
1264 965 1380 1012 faces,
1412 965 1503 1016 quia
1533 966 1659 1004 vivum

172 1029 208 1060 13
229 1022 396 1073 sulphur
426 1035 515 1061 cum
542 1024 646 1062 calce
677 1022 780 1069 insit,
805 1022 953 1073 integra
984 1022 1134 1061 flamma
1167 1022 1317 1061 efferre.
1377 1028 1509 1073 raptos
1539 1034 1560 1061 a
1590 1021 1662 1061 diis

228 1078 408 1118 homines
439 1079 527 1127 dici,
553 1092 654 1130 quos
684 1080 885 1118 machinae
916 1078 1095 1129 inligatos
1127 1091 1172 1117 ex
1204 1083 1418 1130 conspectu
1440 1078 1480 1117 in
1511 1078 1663 1118 abditos

227 1147 370 1187 specus
391 1135 604 1187 abripiant;
638 1149 704 1175 eos
727 1148 824 1184 esse,
847 1135 914 1186 qui
936 1140 1001 1174 aut
1022 1135 1228 1175 coniurare
1249 1140 1316 1174 aut
1344 1135 1484 1174 sociari
1513 1134 1642 1174 facino

170 1198 209 1230 14
229 1192 337 1231 ribus
383 1197 448 1231 aut
492 1197 673 1244 stuprum
719 1192 795 1244 pati
843 1191 1055 1231 noluerint.
1114 1191 1404 1231 multitudinem
1448 1192 1661 1243 ingentem,

228 1248 392 1288 alterum
415 1249 487 1287 iam
520 1261 644 1300 prope
666 1249 857 1301 populum
885 1261 981 1296 esse,
1014 1248 1053 1287 in
1075 1248 1136 1287 his
1167 1247 1320 1288 nobiles
1350 1249 1538 1300 quosdam
1560 1248 1662 1287 viros

226 1305 481 1356 feminasque.
541 1306 700 1345 biennio
731 1306 909 1358 proximo
940 1305 1162 1345 institutum
1193 1317 1301 1353 esse,
1338 1317 1388 1344 ne
1418 1306 1506 1356 quis
1537 1305 1659 1344 maior

274 1384 394 1415 8—11.
414 1386 500 1415 tres:
523 1394 584 1415 nur
605 1383 684 1415 drei.
700 1385 795 1414 —in
817 1393 910 1415 anno

230 1428 294 1459 wie
310 1427 379 1470 §9;
394 1430 448 1465 44,
467 1430 517 1463 16,
533 1431 569 1461 5:
586 1430 688 1460 bisin
703 1429 780 1468 ἄϊε,
795 1428 860 1461 Cic.
877 1428 909 1460 S.

228 1473 325 1506 Rosc.
340 1475 474 1507 40132.
489 1494 534 1497 —
545 1477 625 1506 stat.
640 1474 723 1515 dies,
738 1484 763 1506 s.
789 1474 841 1514 23,
857 1475 909 1509 35.

227 1521 246 1552 3
259 1533 265 1556 ;
281 1519 334 1551 die
343 1520 511 1561 jungerem
523 1519 618 1552 Hdss.
632 1519 741 1552 haben
752 1522 910 1560 statutos,

227 1563 330 1606 Tage,
345 1564 398 1596 die
412 1564 581 1605 jedesmal
599 1565 721 1597 voi-her
733 1569 907 1606 angesagt,

227 1609 427 1651 festgesetzt
442 1610 589 1651 werden,
608 1620 632 1642 S.
653 1611 705 1649 24,
720 1611 773 1648 27,
793 1612 819 1645 1,
838 1620 909 1642 was

226 1655 298 1687 hier
333 1655 416 1687 auch
443 1655 563 1697 richtig
593 1655 664 1687 sein
693 1654 831 1687 konnte.
863 1675 908 1679 —

226 1701 397 1741 habuisse,
414 1700 467 1732 die
485 1700 640 1732 Bacchen
659 1700 730 1732 od.:
755 1710 840 1732 man.
863 1720 907 1723 —

226 1745 406 1778 Pacullam
419 1756 485 1778 von
496 1747 618 1787 Pacus,
637 1746 793 1786 Paccius,
813 1756 837 1777 s.
854 1747 903 1785 10,

228 1792 288 1829 38;
311 1792 365 1829 23,
381 1792 411 1831 2,
437 1791 503 1833 vgl.
529 1790 586 1823 Sil.
614 1790 650 1823 lt.
681 1792 904 1828 11.58;313:

227 1836 401 1877 Pomanus,
427 1836 494 1878 vgl.
514 1847 554 1868 zu
572 1838 626 1875 26,
643 1837 695 1873 33,
710 1838 747 1874 8;
766 1835 906 1868 Momm-

226 1891 286 1913 sen
311 1880 485 1914 Unterital.
514 1881 595 1914 Dial.
624 1882 905 1915 284.—Anniam

227 1926 358 1959 scheint
383 1926 453 1959 sich
479 1937 540 1959 nur
566 1927 636 1959 hier
660 1926 710 1959 als
733 1926 837 1959 Nanie
863 1937 903 1959 zu

227 1971 349 2004 finden.
364 1991 407 1995 -
424 1972 555 2014 Camp.,
581 1972 648 2014 vgl.
668 1983 695 2005 c.
725 1975 776 2013 17,
791 1974 821 2011 6,
841 1972 907 2013 vgl.

227 2018 281 2052 38.
296 2019 349 2053 36.
364 2019 394 2049 5.
410 2018 612 2059 —sacerd.,
639 2017 688 2050 als
716 2017 907 2051 Priesterin.

227 2062 276 2094 als
298 2062 348 2094 sie
373 2082 417 2086 ——
442 2073 600 2104 gewesen
626 2063 743 2095 sei.—
758 2063 908 2094 Minima

227 2108 316 2140 ware
342 2108 430 2149 hier,
465 2119 492 2141 e.
524 2109 560 2142 l7
586 2119 618 2141 u.
657 2109 693 2140 19
728 2107 907 2146 Vorname,

227 2153 292 2185 wie
318 2157 413 2186 sonst
438 2153 631 2195 Minamssus,
657 2164 681 2186 s.
709 2164 749 2185 zu
780 2155 828 2190 10,
852 2155 905 2190 20,

231 2200 279 2232 13.
297 2217 342 2222 ——
359 2198 495 2241 lieren„
529 2199 600 2231 hier
624 2198 799 2231 oskischer
824 2198 907 2231 Vor—

226 2253 323 2276 name
349 2244 414 2277 wie
431 2246 462 2285 9,
477 2247 514 2283 3;
532 2246 585 2285 23,
601 2247 662 2282 44,
689 2244 905 2286 gewtihnlich

227 2288 447 2323 Gentilname.
477 2289 625 2331 cerr-m„
650 2300 677 2322 c.
711 2292 759 2325 17,
785 2290 906 2322 anders

228 2335 281 2373 23,
306 2336 359 2368 46
377 2354 422 2359 —
439 2346 636 2378 eat—pro
662 2335 720 2367 der
748 2334 905 2367 Wechsel

227 2378 284 2410 der
302 2378 455 2422 Pr‘aposs.
483 2391 554 2414 war
579 2380 811 2422 nothwendig,
836 2380 904 2422 v.gl

227 2426 257 2464 4,
273 2425 325 2459 56,
339 2426 377 2462 4;
398 2428 446 2463 10,
461 2427 515 2465 39
531 2429 567 2466 7;
595 2426 648 2459 die
667 2425 823 2468 Stellung
846 2426 906 2458 der

227 2449 621 2509 B’ffegriffeisuhiastisch
624 2473 895 2514 —quinossing
889 2495 907 2512 .,

226 2523 281 2545 um
319 2513 371 2546 die
407 2516 647 2559 regelmassige
684 2516 907 2549 Wiederkehr

981 1384 1103 1424 tribus,
1122 1383 1185 1415 den
1209 1382 1289 1423 drei,
1315 1383 1510 1425 gegeniiher
1526 1383 1663 1416 hervor—

979 1428 1141 1461 zuheben.
1169 1447 1213 1451 —
1235 1430 1328 1470 viri,
1361 1439 1388 1460 c.
1420 1430 1451 1470 8,
1477 1430 1514 1462 6:
1547 1438 1663 1460 mares

978 1493 1022 1496 —
1046 1472 1158 1512 facin.
1180 1492 1220 1497 ·-
1243 1475 1341 1515 flag„
1365 1484 1390 1506 s.
1420 1473 1442 1516 ξ
1474 1475 1530 1512 11;
1559 1475 1617 1511 13;
1633 1484 1660 1506 c.

981 1520 1032 1559 15,
1048 1520 1078 1559 3,
1097 1529 1137 1551 zu
1164 1529 1190 1551 c.
1222 1521 1325 1560 16,1;
1355 1519 1400 1551 im
1429 1518 1522 1561 Folg.
1548 1519 1591 1552 ist
1617 1520 1665 1552 ad

976 1564 1120 1603 facinus
1167 1564 1364 1606 allgemein:
1420 1564 1663 1605 Frevelhaftes,

978 1609 1272 1652 Gesetzwidriges.
1284 1620 1351 1653 pro
1367 1611 1457 1651 vict„
1470 1620 1495 1643 s.
1511 1620 1538 1643 c.
1557 1612 1607 1651 10,
1630 1612 1660 1643 7.

1031 1657 1173 1688 12—14.
1198 1659 1313 1688 mente
1337 1655 1403 1688 wie
1428 1657 1459 1696 8,
1487 1657 1536 1697 18,
1556 1658 1662 1689 11.-

974 1699 1100 1741 sanat„
1119 1701 1173 1740 37,
1184 1701 1215 1737 9,
1225 1702 1255 1733 9.
1267 1720 1312 1723 -
1330 1710 1408 1732 cum
1423 1699 1494 1739 fae
1508 1703 1660 1742 τ-ἑχου-

977 1755 1047 1777 σαι.
1065 1765 1108 1768 -
1126 1745 1316 1777 decurrere
1330 1745 1379 1777 ad
1398 1744 1435 1777 T.
1453 1756 1478 1778 s
1498 1756 1538 1778 zu
1557 1756 1584 1779 e
1602 1747 1653 1787 12,

976 1792 1005 1822 4.
1041 1809 1085 1813 —
1118 1792 1184 1822 viv.
1224 1791 1358 1833 sulph.,
1398 1789 1484 1824 Plin
1519 1793 1573 1833 35,
1613 1794 1660 1832 15,

981 1834 1103 1868 tuni:
1129 1837 1167 1867 in
1185 1836 1290 1867 Italia
1313 1846 1452 1878 quoque
1479 1838 1662 1869 invenitur

975 1880 1308 1923 (sulphur)——gener
1311 1891 1331 1913 a
1342 1884 1521 1924 quattuor,
1532 1884 1662 1924 vivum,

984 1927 1080 1968 quod
1106 1925 1232 1958 Graeci
1255 1937 1395 1969 apyron
1420 1931 1558 1969 vocant,
1581 1938 1662 1960 nas—

980 1973 1072 2003 citur
1087 1971 1260 2012 solz‘dnm5
1291 1975 1406 2004 cetera
1424 1972 1560 2014 liquore
1581 1984 1663 2006 con-

977 2020 1128 2049 stant.———
1141 2020 1258 2049 vivum
1269 2017 1438 2058 effoditur
1447 2018 1668 2061 tralucetque

980 2066 1013 2094 et
1026 2064 1128 2103 viret,
1147 2062 1214 2104 vgl.
1237 2062 1322 2096 Non.
1339 2061 1440 2096 Marc.
1459 2074 1490 2106 p.
1515 2064 1573 2097 112
1600 2074 1660 2098 aus

979 2107 1102 2140 Varro:
1155 2109 1304 2148 confluit
1342 2108 1532 2141 mulierum
1588 2112 1661 2142 tom

977 2152 1105 2194 Roma,
1130 2163 1219 2195 quae
1242 2156 1349 2186 noctu
1374 2155 1479 2185 initia
1501 2153 1585 2194 fieri
1605 2165 1660 2187 so·-

978 2199 1040 2231 lita
1049 2201 1156 2230 etiam
1163 2209 1271 2240 nunc,
1274 2201 1385 2241 pinea
1391 2197 1460 2237 faa:
1466 2199 1660 2232 indicat.—

976 2244 1191 2276 macltina‘nl.
1209 2244 1275 2276 wie
1288 2243 1352 2276 auf
1364 2243 1440 2276 dem
1453 2242 1599 2281 Theater
1614 2265 1659 2270 -

977 2291 1128 2331 eonjur.,
1141 2299 1168 2322 c,
1181 2291 1211 2329 8,
1222 2291 1241 2323 3
1253 2303 1260 2327 ;
1274 2290 1325 2329 14,
1337 2290 1356 2322 8
1367 2303 1374 2327 3
1389 2290 1440 2330 18,
1450 2291 1661 2324 3.-3οοίανί

976 2334 1238 2376 ungewohnlich
1248 2334 1282 2367 in
1289 2334 1452 2367 medialer
1459 2334 1660 2379 Bedeutung

977 2379 1179 2421 gebraucht:
1209 2379 1279 2412 sich
1307 2379 1492 2413 verbinden
1513 2391 1554 2414 zu
1571 2391 1656 2414 usw.

977 2425 1043 2467 vgl.
1071 2427 1102 2464 4,
1118 2427 1194 2465 4,6.
1220 2445 1264 2448 -
1291 2425 1403 2467 albor„
1428 2425 1482 2458 ein
1506 2425 1657 2468 zweites,

977 2469 1051 2502 dem
1096 2473 1178 2503 rom.
1225 2470 1334 2513 gleich
1375 2480 1417 2503 zu
1461 2470 1656 2513 stellendes,

976 2525 1001 2548 s.
1028 2526 1054 2548 c.
1086 2517 1298 2549 18.—bienn.
1321 2526 1389 2558 pr„
1413 2516 1487 2558 seit,
1512 2515 1584 2549 od.:
1611 2517 1655 2549 im
