1747 2844
228 75 280 128 60
637 77 761 110 LIBER
785 76 932 110 xxx1x.
983 76 1074 110 CAP.
1102 79 1154 110 30.
1182 78 1234 111 31.
1497 95 1524 115 a.
1545 93 1575 114 u.
1594 86 1654 114 569.

227 200 350 233 castra
372 193 552 244 ingressi,
575 204 673 243 quae
690 192 822 231 relicta
838 192 941 230 inter
961 197 1195 230 nocturnam
1210 191 1508 242 trepidationem
1527 198 1652 240 erant,

229 250 477 301 diripuerunt
494 249 742 299 regressique
759 249 798 287 in
818 253 940 287 castra
956 260 1025 287 sua
1041 260 1187 300 paucos
1209 247 1292 287 dies
1307 248 1429 300 quieti
1448 247 1488 287 in
1506 248 1653 287 stativis

187 314 206 346 6
227 312 467 345 manserunt.
500 305 1058 355 Romanorumsociorumque
1075 305 1114 343 in
1132 304 1282 356 proelio
1293 306 1462 356 fugaque
1478 305 1524 344 ad
1535 305 1654 356 quin-

228 376 304 415 que
335 362 437 401 milia
461 363 608 409 occisa,
643 374 809 414 quorum
842 374 882 400 se
903 361 1039 412 spoliis
1070 362 1201 400 hostes
1222 367 1435 401 armarunt.
1485 362 1576 401 inde
1608 362 1656 401 ad

187 429 203 458 1
227 420 374 470 Tagum
398 420 543 458 flumen
567 419 729 470 profecti
754 425 858 457 sunt.
901 425 1102 468 praetores
1123 418 1279 457 interim
1295 418 1462 457 Romani
1484 430 1600 457 omne
1616 418 1655 457 id

228 482 381 527 tempus
412 476 688 515 contrahendis
711 488 755 514 ex
777 474 994 514 civitatibus
1014 475 1131 513 sociis
1153 474 1419 526 Hispanorum
1441 474 1594 514 auxiliis
1620 481 1658 514 et

227 533 448 572 reficiendis
477 532 522 571 ab
551 538 702 571 terrore
723 532 903 571 adversae
930 544 1085 582 pugnae
1113 531 1280 570 militum
1303 531 1442 571 animis
1472 544 1656 570 consum-

185 597 204 629 8
227 595 402 641 pserunt.
438 589 501 628 ubi
515 589 606 627 satis
624 589 807 640 placuere
820 589 931 633 vires,
957 594 994 626 et
1010 588 1084 627 iam
1100 589 1210 627 miles
1222 588 1438 640 quoquead
1455 588 1656 627 delendam

227 646 398 698 priorem
421 646 675 697 ignominiam
695 645 846 684 hostem
878 645 1074 696 poscebat,
1097 645 1284 696 profecti,
1318 645 1520 684 duodecim
1552 645 1658 683 milia

186 711 205 744 9
226 715 412 754 passuum
443 702 489 741 ab
512 702 616 753 Tago
646 702 809 740 flumine
840 709 1059 753 posuerunt
1088 707 1224 742 castra.
1268 702 1359 741 inde
1393 702 1506 740 tertia
1530 702 1658 752 vigilia

227 759 389 799 sublatis
403 759 525 810 signis
541 760 726 809 quadrato
742 759 895 809 agmine
917 758 1111 809 principio
1130 758 1228 797 lucis
1246 758 1291 797 ad
1308 758 1404 810 Tagi
1426 758 1550 810 ripam
1566 770 1658 809 per-

169 826 206 857 10
228 822 430 855 venerunt.
468 823 576 854 trans
596 816 755 854 fluvium
773 815 812 854 in
836 814 933 853 colle
951 814 1120 853 hostium
1144 820 1269 854 castra
1287 822 1410 854 erant.
1449 815 1656 865 extemplo,

227 885 301 924 qua
324 873 477 911 duobus
506 873 603 911 locis
625 872 713 910 vada
747 872 915 910 nudabat
935 871 1081 918 amnis,
1113 871 1245 911 dextra
1269 877 1378 923 parte
1409 870 1659 922 Calpurnius,

226 930 328 968 laeva
351 929 558 975 Quinctius
581 929 775 968 exercitus
797 929 1052 967 traduxerunt
1074 929 1207 978 quieto
1230 928 1361 975 hoste,
1385 928 1475 967 dum
1497 928 1663 967 miratur

226 986 397 1025 subitum
414 986 618 1024 adventum
639 985 926 1036 consultatque,
949 985 1016 1036 qui
1035 985 1246 1023 tumultum
1265 985 1414 1024 inicere
1431 984 1660 1036 trepidanti-

169 1052 202 1082 11
226 1042 299 1082 hus
316 1043 355 1081 in
380 1043 464 1094 ipso
484 1043 647 1081 transitu
671 1042 796 1081 amnis
813 1042 1017 1093 potuisset.
1055 1041 1211 1080 interim
1228 1041 1395 1080 Romani
1412 1041 1660 1093 inpedimen-

226 1100 275 1138 tis
297 1111 454 1150 quoque
472 1099 653 1138 omnihus
675 1099 861 1138 traductis
883 1098 1175 1148 contractisque
1193 1098 1233 1137 in
1257 1110 1378 1137 unum
1404 1098 1547 1145 locum,
1570 1098 1661 1149 quia

226 1156 298 1195 iam
318 1156 461 1194 moveri
479 1156 843 1202 vitlehannhostem,
868 1168 939 1194 nec
956 1155 1123 1206 spatium
1142 1161 1224 1193 erat
1245 1160 1369 1194 castra
1388 1154 1660 1193 communien-

167 1223 205 1255 12
227 1213 278 1260 di,
301 1212 421 1251 aciem
446 1213 730 1250 instruxerunt.
775 1213 812 1250 in
840 1211 967 1250 medio
999 1211 1145 1250 locatae
1168 1211 1301 1262 quinta
1325 1211 1513 1263 Calpurni
1556 1210 1659 1262 legio

226 1277 263 1309 et
285 1275 414 1307 octava
433 1268 612 1314 Quincti3
646 1269 681 1306 id
705 1268 827 1307 robur
850 1275 929 1307 toto
953 1268 1124 1307 exercitu
1148 1274 1239 1306 erat.
1273 1280 1453 1319 campum
1477 1273 1654 1319 apertum

225 1339 351 1377 usque
373 1326 417 1364 ad
441 1325 610 1364 hostium
644 1332 769 1364 castra
792 1324 1004 1371 habebant,
1037 1324 1201 1363 liberum
1233 1338 1251 1364 a
1273 1332 1381 1364 metu
1414 1324 1658 1363 insidiarum.

165 1389 211 1424 31
227 1382 388 1434 Hispani
411 1388 617 1433 postquam
636 1382 674 1420 in
700 1382 881 1421 citeriore
903 1381 985 1433 ripa
1008 1381 1084 1420 duo
1104 1381 1369 1420 Romanorum
1394 1381 1546 1432 agmina
1563 1393 1660 1420 con-

977 1503 1144 1524 numeras
1169 1503 1274 1532 szms;
1299 1491 1377 1525 Tac.
1404 1492 1513 1525 Germ.
1545 1493 1594 1525 11.
1618 1511 1663 1515 ——-

977 1539 1038 1570 ubi
1059 1538 1151 1580 plac.
1166 1539 1396 1580 -poseebat,
1422 1548 1448 1571 s.
1475 1548 1502 1571 c.
1530 1539 1582 1579 53,
1602 1539 1659 1574 10;

977 1586 1007 1624 9,
1023 1585 1052 1616 3.
1069 1585 1105 1616 7:
1130 1585 1183 1618 22.
1199 1586 1229 1623 5,
1245 1586 1282 1620 6;
1307 1584 1429 1624 23,18.
1447 1585 1477 1616 7.
1504 1602 1547 1606 —
1573 1583 1662 1615 host.

971 1639 1079 1671 pose„
1095 1628 1162 1670 vgl.
1174 1629 1203 1669 2,
1216 1631 1270 1668 45,
1282 1630 1300 1662 6
1313 1642 1319 1661 :
1330 1631 1485 1671 poscunt
1491 1638 1662 1672 pugnam.

975 1694 1018 1697 -
1044 1673 1170 1716 quadr.
1195 1684 1301 1716 agra„
1328 1675 1382 1716 31,
1398 1675 1452 1713 37,
1471 1675 1496 1707 1.
1512 1693 1555 1697 ——
1570 1673 1665 1706 vada

976 1720 1073 1760 und„
1098 1719 1179 1751 liess
1197 1719 1348 1752 sichtbar
1365 1719 1513 1754 werden.
1539 1721 1592 1759 35,
1609 1720 1663 1760 32,

977 1767 1077 1798 *L*
1111 1767 1288 1796 emme-itus
1322 1775 1346 1796 s.
1375 1763 1395 1806 ξ
1421 1766 1459 1801 3;
1493 1774 1519 1796 e.
1555 1765 1661 1801 31.1;

976 1809 1096 1842 anders
1110 1808 1130 1851 ξ
1150 1811 1197 1842 12.
1214 1829 1257 1832 —
1272 1809 1355 1841 dum
1373 1810 1538 1851 miratur,
1556 1808 1661 1852 praes.

975 1856 1173 1891 229.9.1·2.
1210 1874 1254 1877 —-
1288 1854 1456 1895 consult„
1492 1856 1554 1896 qui
1585 1857 1662 1895 etc.,

974 1900 1066 1937 nicht
1101 1899 1189 1932 ohne
1227 1899 1353 1934 lronie.
1390 1899 1457 1942 vgl.
1493 1901 1547 1940 21,
1574 1902 1604 1940 7,
1635 1902 1660 1932 1.

225 1494 424 1536 angezeigte
462 1493 579 1535 Abzug
617 1493 685 1535 galt
725 1494 814 1526 nicht
855 1493 908 1525 fiir

225 1538 409 1571 ehrenvoll.

271 1586 391 1617 5-10.
418 1583 560 1624 relicta,
594 1594 655 1616 nur
682 1584 734 1615 die
761 1583 821 1616 ΜΖ.
850 1583 904 1616 Hs.

225 1630 281 1662 hat
308 1629 493 1666 derelicta,
528 1639 600 1661 was
633 1629 703 1661 sich
731 1634 825 1661 sonst
851 1629 904 1660 bei

224 1675 256 1707 L.
284 1675 376 1707 nicht
402 1685 442 1706 zu
468 1672 581 1706 finden
607 1674 756 1706 seiteint.
783 1674 849 1716 vgl.
878 1685 903 1706 c.

226 1722 279 1753 26.
295 1722 331 1752 4:
358 1719 606 1751 deridiculum.
625 1738 667 1742 —
686 1721 756 1761 qni.
775 1721 810 1751 in
836 1723 906 1751 sla-

225 1767 315 1806 tivis,
341 1765 428 1797 ohne
454 1768 562 1797 etwas
588 1774 695 1806 gegen
718 1764 781 1806 den
802 1764 905 1796 Feind

225 1821 264 1843 zu
291 1811 391 1847 thum
417 1810 469 1841 hei
496 1820 638 1842 manere
656 1810 794 1842 braurlit
815 1809 846 1842 L.
872 1810 903 1841 in

224 1856 282 1888 der
307 1855 411 1897 Regel
437 1855 501 1887 den
527 1855 601 1887 Abl.
628 1855 687 1887 mit
714 1857 823 1895 z'n,1'n
851 1865 906 1886 ca-

223 1903 323 1942 stris,
349 1902 385 1932 in
402 1902 541 1932 stati'ms
564 1900 734 1934 11.{i..die
759 1899 821 1932 le
849 1899 903 1932 Hs.

225 1948 281 1980 hat
307 1948 432 1988 quietis
457 1947 494 1977 Ιιι·
514 1947 661 1986 statium,
688 1945 903 1984 gewohnlich

224 1991 309 2024 wird
342 1993 468 2033 quietis
500 1993 638 2023 stativis
671 1991 827 2033 gele-sen.
863 1990 903 2023 da

225 2048 291 2070 von
310 2037 384 2069 dem
403 2036 526 2069 Feind‹
546 2037 621 2068 nich
632 2041 661 2069 ts
679 2047 719 2069 zu
742 2037 802 2069 he.
788 2046 909 2078 orgen

225 2093 304 2115 war.
332 2082 397 2113 wie
416 2084 469 2115 37.
490 2084 537 2115 15.
559 2084 588 2121 3,
615 2082 699 2114 auch
726 2081 831 2124 quieti
857 2082 911 2113 his

226 2128 278 2161 od.
305 2130 360 2168 z'z's,
386 2128 508 2159 iisdem
538 2130 617 2159 stat.
643 2137 745 2159 verm.
761 2146 804 2150 —
822 2127 908 2168 spol.

224 2185 260 2205 se
284 2183 385 2213 arm„
418 2183 442 2205 s.
482 2174 601 2213 2246,
618 2174 646 2205 4.
675 2191 715 2195 -
742 2172 790 2204 ad
825 2171 908 2213 Tag.

224 2220 271 2258 IL,
297 2228 337 2251 an
364 2217 494 2250 diesem
512 2220 662 2250 mussten
685 2217 733 2250 sie
752 2217 856 2250 sehon
875 2217 907 2249 in

225 2264 300 2297 dem
325 2267 439 2295 ersten
465 2262 485 2305 ξ
511 2265 528 2295 2
556 2263 751 2295 erwahnten
774 2261 906 2295 Tress'en

224 2309 278 2342 bei
304 2308 464 2341 Toletum
498 2308 684 2350 gestanden
718 2308 836 2341 haben.
863 2327 906 2330 —-

226 2354 407 2394 reftcz'end.
434 2358 508 2387 etc..
536 2353 602 2395 vgl.
624 2355 677 2394 33,
692 2355 744 2387 36.
761 2355 798 2386 7:
826 2352 906 2392 refi-

227 2410 284 2431 cer
287 2403 320 2431 et
343 2401 490 2440 animos,
516 2399 586 2431 sich
613 2399 739 2431 wieder
768 2397 905 2431 erholen

226 2455 303 2478 von
322 2444 533 2486 ermuthigen
553 2444 649 2478 nach
667 2444 787 2477 anders
806 2454 833 2476 c.
849 2444 903 2483 49,

226 2491 255 2521 4
290 2509 333 2512 -—
365 2491 452 2521 satas
481 2490 584 2532 plac„
618 2480 671 2523 33.
686 2492 738 2530 31,
754 2492 790 2527 6;
818 2487 901 2520 Vell

226 2532 352 2566 Patere.
390 2536 516 2567 2112:
546 2535 712 2576 placebat
743 2536 904 2567 barbarzs

974 1946 1191 1987 ——potuiss.,
1218 1944 1379 1978 wahrend
1405 1954 1609 1977 er—wenn
1629 1955 1664 1977 er

973 2000 1012 2023 zu
1047 1990 1178 2024 ret-liter
1216 1990 1289 2023 Zeit
1323 1989 1530 2033 angegriffen
1569 1990 1663 2022 hatte

982 2045 1067 2067 usum

1029 2082 1168 2113 11—12.
1196 2090 1258 2112 nec
1288 2083 1378 2123 spat.
1402 2099 1447 2103 —
1480 2089 1666 2121 commun„

979 2135 1063 2167 ganz
1090 2135 1198 2168 gegen
1229 2125 1289 2158 das
1322 2125 1557 2167 gewohnliche
1582 2123 1664 2157 Ver-

979 2171 1095 2203 saliren
1121 2170 1203 2204 wird
1226 2170 1305 2203 kein
1324 2170 1429 2212 Lagei·
1453 2169 1664 2212 ausgeschla-
1696 2190 1698 2192 v

979 2226 1061 2259 gen.
1087 2227 1112 2249 s.
1139 2218 1261 2257 walo,
1285 2217 1341 2253 i2;
1364 2218 1418 2255 44,
1434 2216 1601 2254 39,2.,—
1626 2217 1665 2247 in

978 2262 1078 2302 med„
1119 2261 1172 2293 die
1213 2260 1457 2303 Hfilsstruppen
1502 2259 1664 2293 scheinen

976 2306 1035 2339 aus
1046 2306 1110 2338 den
1125 2306 1266 2348 Flfigeln
1285 2304 1472 2347 gestanden
1487 2315 1527 2338 zu
1542 2305 1663 2346 haben,

976 2363 1003 2384 c.
1023 2354 1075 2391 31.
1095 2352 1336 2393 18.—qm·nta
1348 2350 1456 2392 Calp.,
1471 2350 1524 2383 die
1541 2350 1661 2391 sfinfte,

975 2397 1028 2429 die
1054 2396 1113 2428 des
1141 2396 1246 2438 Calp.,
1273 2395 1400 2428 ebenso
1426 2399 1551 2428 octava
1576 2396 1661 2437 Q.-

974 2442 1012 2474 id
1035 2443 1121 2481 rob„
1141 2442 1194 2477 22,
1210 2442 1239 2476 2.
1255 2442 1284 2474 3.
1313 2459 1356 2464 —-
1382 2444 1452 2473 toto
1479 2451 1608 2483 emere„
1633 2450 1660 2474 s.

974 2497 1013 2519 zu
1049 2488 1103 2521 26.
1129 2487 1182 2520 38.
1211 2487 1270 2518 12:
1303 2485 1494 2524 fortissimi
1529 2489 1662 2529 equites

975 2535 1045 2565 toto
1066 2533 1198 2564 Punico
1225 2533 1388 2563 eoeercitu
1413 2534 1526 2564 erant.
1551 2550 1594 2556 -—
1620 2531 1661 2563 li·
1707 2536 1710 2538 ’
