1747 2844
237 79 317 118 124

685 82 810 115 LIBER
834 82 969 117 XXXX.
1018 82 1111 116 GAP.
1139 85 1169 117 7.
1196 84 1226 117 8.

1504 101 1530 121 a.
1551 102 1581 121 u.
1602 95 1662 121 572.

234 198 456 238 Demetrius
472 198 597 249 „quin
615 197 872 237 comisatum“
884 197 1014 249 inquit
1029 198 1103 246 „ad
1120 199 1278 237 fratrem
1290 197 1391 237 imus
1403 204 1441 238 et
1455 199 1551 238 iram
1564 199 1662 247 eius,

234 256 267 295 si
290 268 364 308 qua
387 267 432 294 ex
454 255 666 294 certamine
685 255 841 303 residet,
865 254 1114 306 simplicitate
1137 260 1174 294 et
1194 254 1387 294 hilaritate
1408 261 1540 294 nostra
1561 256 1662 295 leni-

193 319 212 353 6
233 325 320 352 mus
332 311 378 351 2²⁴⁶
402 324 540 351 omnes
561 313 618 351 ire
640 324 681 350 se
703 311 999 350 conclamarunt
1027 317 1182 363 praeter
1211 324 1292 360 eos,
1314 313 1382 362 qui
1403 312 1662 364 speculatoris

235 370 282 409 ab
305 382 345 409 se
366 369 509 421 pulsati
530 374 776 420 praesentem
798 367 990 407 ultionem
1019 368 1256 408 metuebant.
1299 381 1389 408 cum
1414 381 1481 408 eos
1502 381 1664 420 quoque

233 426 456 466 Demetrius
476 427 670 473 traheret,
692 426 841 464 ferrum
872 431 976 464 veste
1004 425 1259 474 abdiderunt,
1291 438 1368 477 quo
1399 438 1441 465 se
1469 426 1607 472 tutari,
1630 425 1664 465 si

193 492 211 522 7
234 496 308 535 qua
331 483 386 522 vis
407 484 536 530 fieret,
560 488 735 533 possent.
778 482 873 521 nihil
905 482 1047 521 occulti
1078 495 1162 522 esse
1193 483 1233 522 in
1263 482 1448 522 intestina
1469 483 1665 523 discordia

234 547 376 593 potest.
419 545 585 591 utraque
607 539 745 578 domus
768 539 1059 590 speculatorum
1092 545 1129 578 et
1158 540 1403 590 proditorum
1432 539 1547 591 plena
1571 546 1664 580 erat.

234 597 506 649 praecucurrit
526 597 642 636 index
663 596 709 634 ad
732 596 871 635 Persea
893 596 997 635 ferro
1020 596 1247 636 subcinctos
1268 597 1457 636 nuntians
1478 609 1566 636 cum
1589 597 1665 636 De-

191 660 211 693 8
230 654 369 694 metrio
407 660 591 705 quattuor
626 653 896 692 adulescentes
927 654 1070 693 venire.
1108 653 1180 693 etsi
1216 665 1330 693 causa
1366 653 1576 705 adparebat
1609 676 1666 682 —-

234 724 323 751 nam
354 711 399 750 ab
431 711 477 749 iis
508 710 704 762 pulsatum
737 710 935 749 convivam
965 722 1081 749 suum
1116 710 1291 750 audierat
1320 734 1387 759 -,
1420 711 1666 750 infamandae

232 769 288 807 rei
321 780 435 807 causa
466 768 621 806 ianuam
654 767 827 806 obserari
858 767 965 807 iubet
997 772 1034 806 et
1064 780 1110 806 ex
1140 773 1250 818 parte
1276 767 1481 819 superiore
1512 768 1667 807 aedium

230 826 432 875 versisque
450 824 488 863 in
507 825 605 864 viam
620 824 805 863 fenestris
822 824 1087 871 comisatores,
1103 829 1299 876 tamquam
1315 824 1362 863 ad
1383 825 1539 864 caedem
1555 837 1667 864 suam

191 888 210 919 9
230 882 431 921 venientes
446 912 455 929 ,
478 882 581 920 aditu
614 881 753 920 ianuae
775 887 892 920 arcet.
935 881 1156 920 Demetrius
1189 893 1260 932 per
1290 881 1448 927 vinum,
1472 881 1577 933 quod
1599 893 1666 920 ex-

232 939 477 985 cluderetur,
501 938 703 990 paulisper
733 938 966 978 vociferatus
997 938 1036 977 in
1070 938 1290 977 convivium
1322 938 1445 986 redit,
1466 939 1587 978 totius
1608 938 1666 977 rei

230 996 405 1047 ignarus.

346 1052 510 1091 Postero
546 1052 606 1091 die
640 1051 808 1091 Perseus
821 1083 830 1098 ,
863 1064 952 1091 cum
983 1051 1153 1103 primum
1195 1050 1455 1091 conveniendi
1495 1056 1668 1102 potestas

230 1109 352 1161 patris
374 1110 459 1156 fuit,
477 1109 623 1160 regiam
641 1110 843 1159 ingressus
866 1108 1093 1160 perturbato
1114 1108 1224 1147 vultu
1241 1109 1282 1147 in
1305 1112 1523 1160 conspectu
1545 1108 1667 1159 patris

189 1171 208 1203 2
228 1166 369 1206 tacitus
381 1165 521 1217 procul
534 1166 721 1205 constitit.
765 1166 858 1215 [cui]
877 1178 965 1205 cum
978 1172 1088 1217 pater
1105 1165 1232 1214 „satin
1244 1165 1346 1204 salve
1358 1163 1405 1203 ?“
1424 1169 1461 1204 et
1473 1176 1668 1216 quaenam

229 1236 271 1263 ea
293 1222 484 1263 maestitia
502 1229 604 1261 esset
625 1223 887 1274 interrogaret
904 1235 1006 1269 eum,
1031 1222 1106 1270 „de
1127 1222 1237 1261 lucro
1259 1222 1356 1261 tibi“
1370 1221 1667 1273 inquit‚‚vivere

276 1326 373 1357 5—9.
402 1325 498 1365 quin,
527 1325 554 1360 1,
570 1325 623 1363 57,
641 1325 668 1355 7.
685 1343 727 1346 —
743 1325 911 1364 comi-sat„

230 1371 260 1410 3,
276 1371 329 1405 29,
345 1372 382 1406 5;
405 1371 436 1406 9,
455 1371 504 1409 17,
525 1370 572 1401 17.
599 1388 644 1391 ——
667 1369 829 1411 simplic„
855 1368 911 1400 Os-

229 1414 377 1448 fenheit.
406 1413 722 1455 Unbesangenheit,
749 1425 775 1446 c.
804 1415 909 1452 S.10;

229 1461 283 1501 23,
302 1462 336 1497 1,
363 1459 410 1492 sie
436 1459 563 1492 wollen
588 1459 726 1501 zeigen,
759 1460 838 1492 dass
863 1459 911 1492 sie

228 1506 283 1538 bei
317 1506 392 1538 dein
418 1505 561 1548 Kampfe
594 1504 693 1538 keine
728 1505 811 1538 bose
844 1505 913 1537 Ab·

229 1552 327 1593 sicht,
353 1550 453 1583 keine.
470 1550 767 1593 Hintergedanken
786 1551 912 1593 gehaht

227 1597 348 1630 haben.
367 1617 411 1619 —
428 1599 492 1637 ire,
511 1596 587 1629 dem
604 1596 804 1639 vorhergeh.
824 1599 914 1628 imus

229 1642 496 1686 entsprechend.
522 1642 651 1675 enthalt
679 1642 737 1675 das
764 1641 912 1678 Wollen,

228 1689 297 1730 vgl.
324 1690 475 1725 4,53,6;
498 1689 528 1722 8,
549 1690 575 1729 1,
591 1689 609 1721 6
636 1699 666 1720 u.
694 1698 735 1729 a.,
762 1688 826 1720 wie
852 1687 912 1720 das

229 1737 314 1777 part.
334 1743 441 1776 praes.
459 1734 511 1773 21,
527 1735 558 1773 6,
574 1734 602 1765 2.
617 1752 662 1756 ——-
674 1744 763 1775 spec.
778 1733 912 1775 -pul-

227 1781 306 1820 sati,
333 1782 373 1811 st.
400 1778 459 1810 des
486 1788 573 1810 nom.
601 1778 715 1819 abstr.,
742 1790 767 1810 s.
787 1780 910 1821 35,11,

231 1826 283 1865 12,
309 1823 481 1866 abhangig
498 1834 565 1856 von
582 1824 682 1864 ultio,
709 1823 774 1855 wie
792 1823 908 1856 lustin.

231 1872 261 1911 1,
276 1873 307 1911 5,
326 1873 364 1904 δε
391 1872 428 1900 ἐἴη
452 1869 624 1901 ultionem
640 1871 774 1901 seruati
806 1879 911 1911 nepo-

230 1918 272 1948 tis
296 1927 327 1948 u.
348 1925 396 1952 a.;
421 1915 510 1947 ultio
537 1914 669 1947 scheint
687 1925 747 1947 vor
765 1914 797 1947 L.
817 1914 912 1947 nicht

227 1960 505 1994 vorzukommen.
531 1979 575 1984 —
594 1971 711 2002 praes.
737 1960 812 2001 ult„
846 1960 911 1992 wie

223 2017 395 2049 praesens
417 2017 567 2047 merces,
601 2008 630 2046 2,
647 2008 700 2045 36,
715 2008 745 2038 4.
772 2025 816 2029 ——
842 2009 913 2037 tra-

228 2053 314 2093 her„
340 2053 369 2093 9,
392 2054 443 2092 19,
466 2054 496 2084 5.
522 2071 566 2074 —
590 2051 684 2083 nillil
705 2062 776 2083 occ.
810 2052 840 2091 9,
861 2053 909 2087 16.

229 2099 266 2130 7:
293 2098 387 2130 nihil
409 2117 453 2120 —
473 2098 698 2139 praeparati,
728 2096 796 2138 vgl.
824 2107 850 2129 e.
878 2098 909 2134 8,

232 2145 290 2181 18;
305 2144 360 2183 39,
374 2145 428 2183 51,
442 2145 472 2176 6.
488 2142 700 2184 Allgemeine
714 2142 910 2178 Gedanken,

229 2188 283 2221 die
291 2192 399 2222 etwas
409 2187 600 2230 Folgendes
608 2187 779 2223 einleiten.
791 2188 911 2221 stehen

229 2234 280 2267 oft
297 2233 528 2278 asyndetisch,
555 2244 579 2266 s.
596 2235 650 2275 37,
666 2235 718 2273 39,
733 2236 751 2266 3
765 2248 772 2271 ;
788 2235 840 2275 38,
862 2235 910 2275 13,

232 2282 268 2313 11
296 2281 521 2313 usw.——ea21·
545 2279 633 2311 ohne
661 2282 787 2320 tamen,
815 2289 840 2312 s.
856 2280 910 2319 36,

228 2327 317 2367 40,9
344 2337 374 2358 u.
400 2336 440 2361 a..
466 2325 593 2357 ehenso
619 2324 703 2356 wird
728 2335 789 2357 vor
808 2335 914 2367 prae-

229 2373 391 2403 cucurrit
421 2371 524 2403 leicht
557 2371 672 2412 igitur
697 2370 853 2412 gedacht,
883 2380 909 2402 s.

229 2418 283 2458 36,
298 2418 351 2458 32,
366 2418 396 2449 5.
420 2436 464 2440 —
489 2427 534 2448 ew
549 2419 653 2458 parte
668 2426 756 2457 sup„
782 2416 847 2448 wie
865 2415 910 2447 im

227 2462 418 2494 romischen
448 2461 592 2504 giengen
626 2460 910 2494 wahrscheinlich

228 2507 314 2539 auch
354 2508 398 2539 im
440 2507 673 2549 griechischen
708 2506 819 2539 Hause
856 2505 909 2538 die

228 2551 368 2584 Fenster
392 2553 437 2584 im
462 2552 587 2585 oberen
613 2551 741 2584 Stocke
774 2551 833 2585 auf
856 2551 909 2583 die

983 1322 1128 1363 Strasse,
1146 1321 1214 1364 vgl.
1236 1324 1262 1363 l,
1276 1323 1331 1363 41,
1346 1324 1377 1355 4.
1394 1341 1438 1346 --
1447 1332 1515 1364 per
1533 1324 1666 1364 vinum,

983 1368 1016 1400 in
1050 1368 1154 1410 Folge
1191 1367 1250 1400 des
1289 1366 1562 1409 Weintrinkens,
1600 1368 1666 1400 wie

983 1416 1079 1446 sonst
1110 1413 1165 1446 bei
1191 1412 1605 1456 Gemnthsbewegungen,
1638 1415 1668 1456 1,

985 1461 1089 1500 11,5:
1115 1469 1178 1501 per
1204 1461 1296 1491 iram
1322 1469 1351 1492 u.
1379 1460 1406 1492 a.
1425 1478 1469 1482 —
1494 1458 1592 1500 quod
1607 1470 1668 1491 ex-

983 1505 1086 1546 clud„
1101 1504 1244 1537 dariiber
1255 1504 1350 1543 dass;
1365 1504 1669 1538 nachdrficklicher

983 1550 1073 1582 ware
1088 1550 1175 1592 quid
1187 1560 1273 1592 eoec„
1291 1560 1316 1583 s.
1333 1552 1363 1591 3,
1378 1552 1410 1592 7,
1425 1551 1462 1588 3;
1489 1549 1556 1583 Cic.
1571 1549 1666 1583 Verr.

984 1597 1014 1637 2,
1029 1597 1060 1637 2,
1076 1597 1197 1635 21,5·2.
1225 1615 1271 1619 —
1295 1597 1413 1637 ignor.
1439 1595 1505 1628 wie
1531 1594 1596 1638 §5.

1029 1640 1065 1676 8.
1096 1643 1190 1674 1-6,
1219 1651 1298 1673 cum
1317 1644 1426 1684 prim.
1452 1640 1521 1683 vgl.
1541 1642 1595 1682 29,
1611 1642 1667 1683 22,

983 1689 1020 1720 8:
1044 1690 1166 1729 postea
1179 1706 1224 1710 —-
1238 1697 1337 1727 611771,-
1362 1689 1393 1727 5,
1408 1688 1462 1727 54,
1478 1689 1496 1720 3
1512 1700 1518 1725 ;
1542 1688 1596 1727 42,
1615 1687 1665 1728 18,

982 1735 1020 1765 4:
1035 1732 1256 1774 aliquamdiu
1267 1751 1307 1756 —
1320 1742 1401 1764 cum
1408 1733 1584 1774 primum5
1599 1731 1666 1765 Cic.

980 1778 1050 1822 Att.
1067 1780 1097 1819 7,
1116 1780 1166 1819 11,
1181 1780 1218 1815 33
1245 1777 1304 1810 das
1322 1777 1371 1810 hs.
1388 1787 1494 1819 quam
1505 1778 1667 1819 primum

981 1824 1072 1855 w‘are
1098 1823 1170 1855 hier
1194 1822 1288 1855 nicht
1321 1832 1563 1865 angemessen,
1596 1822 1668 1856 und

981 1868 1087 1901 findet
1105 1868 1177 1901 sich
1194 1868 1289 1900 mehr
1304 1868 1359 1901 bei
1377 1867 1576 1901 Wfinschen
1598 1868 1668 1902 und

980 1913 1284 1956 Aufforderungen.
1317 1933 1363 1937 -
1390 1915 1509 1956 patris
1534 1932 1576 1937 —
1603 1924 1667 1955 pa-

983 1962 1057 2000 tris,
1083 1959 1176 1992 nicht
1200 1959 1450 2002 beabsichtigte
1467 1958 1669 1992 Wiederho-

982 2005 1076 2047 lung,
1104 2016 1128 2038 S.
1145 2006 1198 2046 39,
1220 2007 1251 2046 5,
1267 2007 1296 2038 5.
1322 2024 1368 2028 —
1392 2007 1461 2046 cui,
1487 2004 1578 2037 viell.
1605 2015 1667 2038 aus

984 2061 1062 2083 eum
1088 2049 1310 2091 entstanden,
1343 2049 1435 2083 kann
1469 2049 1563 2083 nicht
1595 2049 1666 2083 wol

981 2096 1042 2129 mit
1067 2098 1194 2138 inquit,
1221 2106 1245 2129 s.
1274 2097 1328 2137 24,
1343 2098 1397 2138 38,
1415 2097 1443 2136 1,
1469 2095 1667 2129 verbunden

981 2141 1129 2174 werden.
1163 2161 1207 2165 -—
1238 2143 1333 2173 satin
1364 2152 1402 2183 s.‚
1441 2143 1467 2183 1,
1489 2142 1543 2179 58,
1566 2143 1595 2174 7.
1622 2159 1667 2165 —

981 2188 1024 2220 de
1049 2187 1160 2228 lucro,
1185 2186 1238 2219 ich
1257 2186 1334 2219 lebe
1357 2197 1408 2227 so,
1434 2186 1512 2219 dass
1533 2186 1588 2218 ich
1605 2185 1667 2219 das

981 2239 1054 2273 (aus
1073 2233 1166 2266 einer
1182 2242 1324 2275 grossen
1342 2231 1466 2265 Gefahr
1483 2232 1666 2274 gerettete)

980 2278 1093 2311 Leben
1119 2278 1167 2310 als
1185 2280 1446 2319 unerwarteten‚
1463 2276 1665 2309 unsicheren

981 2323 1123 2356 Gewinn
1139 2322 1337 2355 betrachten
1350 2332 1454 2363 muss,
1468 2321 1586 2355 immet
1599 2321 1665 2355 den

982 2368 1056 2401 Tod
1080 2379 1121 2401 zu
1146 2367 1302 2400 ffirchten
1319 2367 1418 2409 habe,
1444 2367 1510 2400 Cic.
1525 2368 1615 2400 Fam.
1632 2369 1664 2409 9,

986 2416 1087 2451 17,1:
1115 2413 1157 2446 de
1183 2413 1282 2445 lucro
1310 2431 1352 2436 ——
1377 2415 1448 2445 iam
1473 2413 1666 2455 quadrien·—

980 2461 1080 2491 nz'um
1108 2461 1281 2499 vivimus;
1309 2457 1443 2491 Terent.
1470 2457 1605 2492 Phorm.
1632 2460 1664 2500 2,

983 2507 1011 2545 1,
1032 2506 1086 2538 16;
1113 2503 1290 2546 quidquid
1309 2507 1454 2546 praeter
1477 2514 1573 2547 ,spem
1590 2514 1665 2536 eve-

978 2552 1050 2591 nit,
1083 2559 1184 2582 omne
1218 2549 1255 2581 id
1279 2549 1450 2593 deputare
1478 2551 1516 2582 in
1542 2549 1664 2590 lucr-⁰5
