1779 2893
94 128 121 150 a.
143 122 198 149 Ch.
220 123 278 150 172.

509 111 636 145 LIBER
661 111 822 146 xxxxlt.
871 112 966 146 CAP.
994 114 1048 147 25.
1074 115 1128 147 26.
1493 110 1546 150 99

94 230 234 271 foedus
254 230 387 278 fieret,
422 236 459 269 et
480 241 521 268 se
542 229 740 277 visurum,
773 230 866 282 quid
898 229 971 269 sibi
993 229 1222 269 faciundum
1245 237 1367 279 esset,
1399 238 1437 270 et
1459 230 1549 271 illos

93 289 254 329 credere
274 292 336 328 rei
353 287 535 341 publicae
557 287 823 327 consulturos.
864 294 981 341 atque
998 287 1050 326 ita
1066 300 1107 327 se
1124 288 1370 341 proripuisse
1387 295 1423 328 et
1440 301 1548 328 sum·
1573 294 1609 328 12

91 347 242 386 moveri
272 359 293 386 e
322 346 431 398 regia
462 345 591 385 omnis
623 352 798 398 coeptos.

852 352 936 386 tum
959 357 999 384 se
1022 345 1234 385 amicitiam
1257 353 1294 386 et
1316 346 1548 387 societatem

91 404 357 444 renuntiasse.
400 416 476 456 qua
497 415 592 443 voce
617 416 706 443 eum
729 415 940 443 accensum
962 403 1154 443 restitisse
1184 410 1302 456 atque
1324 417 1420 444 voce
1443 405 1546 445 clara

91 462 348 502 denuntiasse
370 461 464 510 sibi,
497 467 537 500 ut
568 462 700 501 triduo
731 461 845 513 regni
876 462 936 502 sui
959 461 1196 501 decederent
1219 461 1378 502 finibus.
1430 463 1482 502 ita
1505 476 1546 503 se
1572 468 1610 502 13

91 520 313 574 profectos,
351 532 424 559 nec
459 518 531 558 sihi
570 525 637 559 aut
672 519 911 560 venientibus
940 527 1009 560 aut
1043 519 1298 559 manentibus
1335 521 1545 573 quicquam

91 577 342 631 hospitaliter
363 583 431 617 aut
454 576 628 628 benigne
651 578 811 617 factum.
854 577 1032 617 Thessali
1050 576 1192 616 deinde
1205 577 1412 630 Aetolique
1429 578 1546 631 legati

92 635 230 676 auditi.

208 692 385 741 Senatui,
407 699 451 732 ut
471 692 617 732 scirent
641 705 758 745 quam
783 692 969 745 primum,
993 692 1139 745 quibus
1160 692 1328 732 ducibus
1350 706 1469 733 usura
1484 707 1548 733 res
1572 700 1609 733 14

91 750 250 804 publica
283 756 406 798 esset,
435 749 587 790 litteras
616 750 718 790 mitti
750 750 982 790 consulibus
1011 750 1180 803 placuit,
1218 757 1261 789 ut
1290 758 1377 790 uter
1409 764 1547 791 eorum

91 815 246 862 posset,
275 807 442 848 Romam
475 809 522 848 ad
551 808 804 860 magistratus
827 809 1017 848 creandos
1039 808 1200 848 veniret.
1252 807 1359 848 Nihil
1379 821 1545 860 magno·
1567 812 1617 849 26

91 879 199 920 pere,
223 866 329 920 quod
350 867 562 906 memorari
584 866 769 912 adtineat,
792 866 848 905 rei
871 866 1053 919 publicae
1070 879 1115 905 eo
1133 878 1239 905 anno
1258 867 1443 906 consules
1460 880 1547 919 ges-

92 931 238 964 serant.
280 923 408 976 magis
430 936 451 963 e
473 937 514 963 re
536 924 695 977 publica
716 924 841 963 visum
859 932 939 964 erat
962 924 1159 976 conprimi
1180 937 1224 964 ac
1241 924 1367 964 sedari
1386 937 1548 978 exaspe-

91 989 199 1022 ratos
220 982 400 1034 Ligures.

208 1039 307 1080 Cum
338 1039 637 1079 Macedonicum
670 1018 817 1078 belluni
849 1046 1137 1092 expectaretur,
1169 1039 1356 1078 Gentium
1387 1052 1547 1093 quoque
1568 1047 1587 1080 2

90 1097 315 1150 lllyriorum
332 1110 466 1149 regem
484 1103 713 1150 suspectum
730 1096 906 1136 Issenses
927 1096 1044 1149 legati
1068 1098 1261 1145 fecerunt,
1284 1097 1402 1137 simul
1420 1099 1546 1150 questi

90 1156 192 1195 fines
214 1168 308 1195 suos
330 1167 420 1195 eum
442 1154 742 1208 depopulatum,
765 1154 881 1193 simul
904 1155 1135 1195 nuntiantes
1156 1167 1237 1194 uno
1266 1155 1398 1194 animo
1420 1156 1547 1195 vivere

90 1213 352 1253 Macedonum
384 1219 502 1265 atque
531 1213 755 1275 lllyriorum
785 1224 941 1263 regem,
974 1213 1177 1252 communi
1209 1212 1376 1252 consilio
1408 1226 1547 1265 parare

89 1270 280 1312 Romanis
300 1270 464 1319 bellum,
487 1278 525 1310 et
546 1270 678 1323 specie
699 1269 920 1321 legatorum
937 1270 1092 1323 Illyrios
1113 1270 1383 1324 speculatores
1400 1270 1548 1311 Romae
1569 1278 1588 1312 3

91 1341 177 1369 esse
208 1328 329 1368 Perse
358 1334 520 1368 anctore
558 1328 721 1375 missos,
756 1333 819 1376 ut,
852 1328 945 1380 quid
974 1334 1171 1380 ageretur,
1204 1328 1364 1368 scirent.

1424 1329 1545 1382 illyrii
1568 1337 1588 1369 4

89 1387 216 1427 vocati
239 1387 279 1426 in
303 1392 497 1426 senatum.
549 1387 617 1439 qui
639 1398 730 1425 cum
751 1385 902 1438 legatos
923 1398 964 1425 se
987 1399 1071 1426 esse
1093 1387 1234 1426 missos
1256 1385 1303 1425 ab
1326 1399 1418 1439 rege
1441 1387 1546 1427 dice—

90 1451 182 1485 rent
215 1444 262 1485 ad
297 1444 503 1498 purganda
536 1444 721 1489 crimina,
753 1443 785 1483 si
818 1457 892 1496 qua
923 1444 970 1483 de
1001 1457 1092 1496 rege
1124 1444 1301 1484 Issenses
1333 1445 1547 1494 deferrent,

91 1568 243 1603 welches
275 1569 332 1602 ihn
363 1569 535 1612 abhangig
569 1568 714 1602 machte.
740 1588 785 1592 —

89 1626 272 1656 mmmmm,
307 1617 361 1658 39,
397 1617 452 1657 49,
485 1616 521 1653 93
557 1615 611 1648 die
643 1614 785 1648 Verbin-

91 1661 185 1705 dung
209 1662 272 1694 mit
285 1661 370 1695 Rom
398 1662 488 1694 ware
515 1672 553 1694 so
579 1660 686 1694 sehon
713 1661 783 1694 aus-

91 1708 259 1752 gehoben‚
282 1707 342 1741 der
354 1707 454 1750 Krieg
469 1707 593 1741 erklart
609 1717 781 1751 gewesen,

89 1754 136 1787 im
161 1753 375 1798 Gegensatze
399 1764 441 1787 zu
463 1764 492 1787 c.
509 1756 564 1794 36,
578 1755 610 1795 3,
625 1764 680 1786 wo
695 1753 782 1787 auch

90 1811 157 1834 von
184 1799 424 1843 Forderungen
450 1800 516 1833 wie
542 1799 596 1833 die
621 1799 780 1843 vorherg.

90 1845 185 1880 nicht
221 1845 276 1880 die
303 1846 395 1880 Rede
420 1846 482 1883 ist;
519 1846 573 1879 die
606 1857 648 1879 an
675 1846 786 1879 dieser

90 1891 197 1926 Stelle
220 1892 434 1926 berichteten
459 1892 643 1936 Vorgange
676 1891 785 1926 schei-

92 1949 157 1973 nen
191 1938 245 1972 die
270 1939 473 1972 Annalisten
506 1938 712 1972 verdunkelt
750 1949 782 1972 u.

91 1984 152 2019 das
177 1984 365 2019 Versahren
391 1985 452 2018 des
476 1984 605 2028 Konigs
635 1995 674 2018 so
700 1985 784 2029 grell

92 2030 298 2075 geschildert
331 2042 373 2064 zu
400 2030 528 2073 haben,
559 2041 616 2064 um
642 2030 696 2064 die
721 2031 785 2064 Be·

91 2077 296 2121 rechtigung
321 2077 380 2111 der
406 2076 530 2111 Romer
560 2087 636 2110 zum
662 2076 785 2120 Kriege

91 2122 187 2157 mehr
224 2122 460 2156 hervortreten
497 2133 540 2156 zu
577 2123 702 2156 lassen.
740 2141 784 2146 —

93 2171 523 2211 amicit.-renuntz·asse‚
558 2179 584 2202 s.
618 2179 659 2201 zu
692 2171 712 2211 ξ
749 2172 783 2208 1;

92 2215 281 2249 Mommsen
305 2214 443 2249 Forsch.
475 2217 507 2254 l,
534 2216 612 2249 342.
644 2234 686 2238 —
713 2226 784 2257 qua

92 2272 176 2295 voce
202 2265 279 2303 etc.,
305 2261 463 2305 obgleich
489 2271 525 2294 es
550 2261 675 2294 heisst:
701 2272 768 2304 pro

93 2310 258 2351 &puis-se,
284 2307 361 2341 hort
387 2317 422 2340 er
435 2307 546 2340 dieses
571 2306 660 2340 doch
685 2306 784 2340 noch.

92 2373 137 2379 —
163 2354 323 2395 denunt„
355 2353 418 2386 mit
442 2352 648 2386 Nachdruck
682 2363 786 2396 ange-

91 2399 258 2443 kiindigt,
308 2402 535 2433 renuntiasse
580 2399 787 2444 gegensiber,

92 2456 120 2480 c.
147 2447 205 2488 48,
230 2448 268 2484 33
302 2448 358 2486 45,
391 2447 446 2488 32,
481 2447 513 2480 6.
546 2465 590 2469 —
628 2444 788 2478 Thessali

93 2496 160 2526 etc.
190 2491 256 2526 wie
281 2502 310 2526 c.
335 2495 376 2536 43
411 2491 500 2525 doch
532 2492 578 2525 ist
610 2492 681 2525 hier
706 2490 785 2525 kein

93 2537 219 2572 Zweck
254 2537 314 2571 der
338 2537 646 2572 Gesandtschaften
682 2547 786 2581 ange-

94 2584 215 2666 geffl'
232 2632 261 2664 1.
287 2629 524 2674 nihilmagn„
550 2632 606 2672 40,
619 2632 673 2670 50,
689 2632 720 2664 3.
740 2649 784 2653 —

856 1572 910 1601 rei
932 1568 1048 1612 publ„
1083 1580 1109 1601 s.
1144 1579 1171 1601 c.
1203 1571 1253 1608 10,
1285 1571 1335 1602 15.
1362 1588 1404 1593 —
1430 1572 1546 1611 magis

855 1627 872 1647 e
897 1627 936 1648 re
959 1615 1069 1658 publ„
1103 1626 1131 1647 c.
1169 1617 1224 1654 -Π,
1259 1617 1294 1653 9;
1335 1617 1388 1653 31,
1429 1618 1478 1658 15,
1518 1619 1544 1650 1.

852 1681 897 1685 -—
923 1661 1061 1701 sedari,
1099 1672 1128 1694 c.
1156 1663 1210 1703 22,
1238 1664 1268 1695 5.
1304 1680 1345 1685 --
1382 1661 1546 1704 Ligures.

853 1707 913 1741 das
945 1708 977 1740 in
1013 1707 1043 1740 d.
1079 1706 1136 1740 Hs.
1170 1706 1277 1740 davor
1307 1708 1472 1741 stehende
1507 1719 1548 1742 ac

851 1754 894 1787 ist
939 1764 998 1787 aus
1042 1753 1117 1786 dem
1156 1752 1366 1797 Vorhergeh.
1407 1754 1548 1788 wieder-

851 1800 933 1833 holt.

903 1848 1002 1880 2—-7,
1044 1845 1221 1887 Gentium,
1255 1848 1311 1887 40,
1339 1847 1393 1888 42,
1420 1846 1488 1890 vgl.
1517 1858 1545 1880 c.

856 1893 910 1932 29,
941 1895 996 1930 11;
1023 1894 1076 1933 43,
1104 1893 1135 1933 9,
1162 1894 1193 1925 4.
1220 1911 1263 1915 —
1290 1903 1429 1935 qnoque
1458 1894 1546 1926 ware

856 1938 948 1971 nicht
975 1937 1217 1978 verstiindlich,
1253 1948 1354 1971 wenn
1381 1949 1459 1971 eum
1487 1950 1546 1971 ω’-

856 1989 1063 2027 peccat-etut-
1076 1994 1152 2017 zum
1164 1983 1374 2027 Vorhergeh.
1391 1995 1544 2028 gezogen

857 2030 989 2064 wiirde:
1017 2030 1077 2071 da,
1116 2030 1165 2063 als
1191 2040 1268 2063 man
1295 2030 1420 2063 bereits
1447 2031 1545 2064 einen

856 2076 958 2120 Krieg
991 2077 1049 2109 mit
1075 2075 1225 2109 Maced
1268 2081 1447 2109 erwartete
1474 2076 1547 2117 (der

854 2122 1060 2156 Nachdruck
1080 2122 1163 2165 liegt
1179 2122 1237 2155 auf
1247 2122 1546 2164 Macedonicum),

856 2168 969 2202 erfuhr
994 2178 1083 2210 man,
1109 2168 1188 2202 dass
1213 2168 1300 2201 auch
1314 2179 1382 2201 von
1405 2168 1546 2203 Gentius

856 2214 979 2248 Gefahr
993 2214 1107 2247 drohe.
1158 2215 1231 2256 Iss„
1259 2214 1302 2247 ob
1316 2214 1351 2247 L.
1378 2224 1419 2247 an
1447 2214 1545 2250 u.St.

857 2271 894 2294 so
934 2260 1015 2293 oder
1046 2261 1158 2293 Issaei
1193 2260 1416 2304 geschrieben
1450 2260 1546 2302 habe,

856 2307 901 2340 ist
932 2306 1108 2347 unsicher,
1142 2306 1181 2339 da
1217 2306 1248 2339 d.
1275 2306 1333 2340 Hs.
1369 2318 1430 2340 nur
1463 2319 1545 2348 esse,

858 2353 914 2395 §4
941 2355 1129 2395 regessisse
1154 2353 1270 2393 bietet,
1296 2362 1368 2386 was
1382 2353 1550 2387 metu-aus

858 2399 1009 2431 Issenses
1034 2398 1163 2440 deutet,
1187 2399 1253 2432 wie
1279 2401 1334 2440 43,
1361 2401 1392 2437 9,
1419 2402 1450 2440 5,
1476 2399 1546 2444 vgl.

856 2447 911 2486 45,
937 2446 990 2485 26,
1027 2447 1066 2479 13
1092 2445 1309 2486 Γονεεεεηεε,
1335 2444 1491 2489 dagegen
1517 2456 1546 2480 c.

856 2492 912 2531 48,
939 2493 957 2524 S
983 2493 1167 2531 isseorum,
1192 2501 1218 2523 s.
1249 2493 1303 2532 31,
1328 2493 1383 2533 45,
1414 2494 1468 2531 10;
1490 2493 1546 2534 32,

857 2538 910 2579 21,
937 2537 997 2574 27;
1025 2539 1079 2578 37,
1109 2538 1160 2579 16,
1188 2538 1224 2574 ὃς
1254 2536 1376 2581 Poly.b
1404 2538 1546 2571 braucht

856 2563 1224 2625 2,11,12Ἰσσαιόυε;
1253 2579 1544 2624 32,18’.Ισσίων

856 2627 1122 2673 -parareR
1150 2628 1542 2674 h.,vog.lc.29,11;

1222 2686 1270 2719 7*
