1779 2893
143 127 171 147 a.
192 119 244 147 012.
266 119 324 146 171.

560 106 688 140 LIBER
712 106 876 140 xxxxii.
913 104 1009 139 CAP.
1036 106 1090 140 66.
1117 107 1172 140 67.

1513 101 1595 141 169

143 225 233 273 cita,
256 237 347 264 cum
362 224 505 278 raptim
523 223 748 271 duceretur,
769 223 900 276 primo
916 222 956 262 in
973 222 1166 274 angustiis
1188 222 1432 275 captivorum
1449 222 1595 273 agmini

145 282 274 323 oblata
303 281 575 334 vehiculisque
605 282 806 322 frumento
838 279 993 320 onustis
1012 280 1153 320 haesit.
1205 280 1348 332 ingens
1368 280 1422 319 ibi
1443 280 1596 319 vexatio
1617 288 1635 320 7

143 340 267 394 partis
281 339 491 393 utriusque
506 339 580 379 fuit
598 339 709 379 nullo
727 344 972 392 expectante,
991 339 1082 378 dum
1098 344 1316 390 utcumque
1333 337 1598 390 explicaretur

143 410 308 450 agmen,
346 398 412 437 sed
440 397 600 437 armatis
629 396 891 437 deicientibus
917 408 991 449 per
1018 408 1212 448 praeceps
1243 395 1512 449 inpedimenta
1541 419 1598 425 ——

143 469 274 509 neque
296 455 402 496 enim
424 454 538 495 aliter
559 455 619 495 via
641 454 785 508 aperiri
806 460 964 508 poterat
985 477 1035 482 -
1051 484 1060 502 ,
1082 453 1281 498 iumentis,
1305 466 1394 493 cum
1417 453 1596 494 stimula—

141 520 300 560 rentur,
322 513 364 553 in
385 512 500 552 turha
530 512 809 553 saevientibus.
860 512 921 551 vix
943 511 990 551 ab
1014 511 1220 551 incondito
1243 512 1401 563 agmine
1424 513 1598 564 captivo·
1618 518 1638 552 8

140 584 232 612 rum
254 571 511 624 expedierant.
541 584 640 619 sese,
670 583 760 610 cum
792 570 902 622 regio
924 569 1072 621 agmini
1099 569 1374 622 perculsisque
1397 570 1598 622 equitibus

141 635 371 669 occurrunt.
413 628 468 668 ihi
491 641 581 668 vero
605 629 754 668 clamor
776 628 999 668 iubentium
1015 627 1164 667 referre
1186 627 1297 678 signa
1319 627 1459 667 ruinae
1482 629 1597 680 [quo-

110 685 113 687 ’
141 688 233 740 que]
255 699 383 740 prope
417 687 586 726 similem
608 686 914 739 trepidationem
938 685 1044 733 fecit,
1068 692 1124 734 ut,
1146 688 1181 724 si
1200 686 1335 724 hostes
1356 685 1505 725 intrare
1527 699 1598 725 an-

139 745 290 797 gustias
311 745 398 785 ausi
419 744 581 797 longius
602 745 771 784 insecuti
795 751 941 790 essent,
961 755 1103 795 magna
1120 742 1249 782 clades
1263 743 1389 795 accipi
1408 744 1596 795 potuerit.

140 803 283 843 consul
303 811 466 856 recepto
499 815 544 842 ex
569 802 720 842 tumulo
745 802 955 855 praesidiO,
982 807 1194 841 contentus
1216 800 1372 840 modico
1396 813 1597 849 successu,
1613 808 1634 841 9

139 861 181 901 in
204 867 330 901 castra
354 861 489 913 copias
510 861 678 900 reduxit.
722 867 831 907 sunt,
855 860 921 912 qui
945 872 990 899 eo
1014 860 1075 899 die
1095 871 1241 910 magno
1263 858 1417 911 proelio
1440 871 1595 912 pugna-

138 926 223 959 tum
244 926 428 959 auctores
449 918 548 958 sint:
584 926 672 958 octo
695 918 802 958 milia
824 918 999 957 hostium
1022 930 1146 963 caesa,
1178 917 1218 956 in
1242 917 1303 956 his
1326 916 1540 970 Sopatrum
1560 923 1598 957 et

139 977 395 1030 Antipatrum
423 977 556 1028 regios
588 977 728 1025 duces,
757 976 864 1015 vivos
895 982 1031 1028 captos
1053 975 1210 1014 circiter
1240 975 1318 1014 duo
1340 974 1447 1014 milia
1471 975 1598 1015 octin-

139 1039 303 1087 gentos,
341 1034 454 1086 signa
484 1034 666 1074 militaria
699 1040 811 1086 capta
843 1033 981 1085 viginti
1014 1039 1176 1086 septem.

137 1092 343 1133 victoriam
373 1093 518 1132 fuisse:
553 1105 670 1145 supra
702 1098 890 1144 quattuor
920 1091 1027 1130 milia
1059 1097 1097 1130 et
1126 1098 1327 1130 trecentos
1352 1091 1399 1130 de
1422 1091 1598 1131 exercitu

140 1150 319 1190 consulis
341 1150 545 1198 cecidisse,
568 1151 680 1202 signa
702 1150 886 1189 sinistrae
908 1149 991 1188 alae
1014 1149 1193 1201 quinque
1215 1148 1369 1188 amissa.

255 1207 330 1247 Hic
360 1208 444 1248 dies
473 1215 511 1247 et
530 1207 721 1247 Romanis
751 1207 888 1247 refecit
919 1206 1073 1246 animos
1104 1213 1141 1245 et
1161 1205 1303 1245 Persea
1327 1206 1518 1258 perculit.
1553 1213 1598 1246 ut
1619 1209 1664 1246 67

139 1265 224 1306 dies
245 1278 394 1319 paucos
423 1266 469 1305 ad
491 1265 713 1318 Mopselum
746 1271 923 1304 moratus
955 1264 1183 1317 sepulturae
1214 1276 1395 1303 maxume
1425 1264 1596 1304 militum

139 1323 374 1363 amissorum
407 1336 524 1371 cura,
561 1323 757 1376 praesidio
798 1322 892 1363 satis
920 1322 1047 1361 valido
1079 1322 1124 1361 ad
1157 1321 1344 1361 Gonnum
1382 1321 1519 1362 relicto
1556 1323 1596 1362 in

138 1381 410 1422 Macedoniam
442 1381 639 1433 reciperet
669 1381 816 1434 copias.

878 1380 1131 1419 Timotheum
1172 1380 1370 1432 quendam
1401 1393 1447 1419 ex
1477 1380 1597 1432 regiis
1617 1386 1637 1419 2

139 1439 351 1494 praefectis
371 1451 462 1479 cum
485 1439 638 1480 modica
655 1452 777 1479 manu
800 1438 991 1491 relinquit
1011 1438 1056 1477 ad
1075 1437 1240 1484 Philam,
1262 1438 1413 1477 iussum
1435 1438 1597 1490 Magne-

142 1566 196 1606 15,
225 1564 278 1597 12.
304 1582 349 1587 —
375 1566 566 1606 angustiis,
592 1564 636 1596 im
656 1563 834 1606 Folg.pe1·

136 1620 323 1654 praeceps,
349 1608 467 1643 deutet
491 1609 545 1642 die
559 1609 836 1643 Beschaffenhe'it

140 1656 201 1691 des
229 1655 386 1689 Terrains
412 1666 476 1689 nur
500 1666 554 1688 an.
581 1675 621 1679 —
640 1656 772 1697 haesit,
807 1667 834 1690 s.

140 1704 196 1745 34,
225 1705 278 1743 15,
305 1703 342 1736 8:
368 1705 506 1734 suomet
532 1704 603 1745 ipsi
628 1704 772 1743 agmine
798 1705 834 1734 in

141 1753 222 1782 arlo
249 1749 445 1787 haerentes,
470 1748 540 1791 vgl.
565 1750 617 1787 29,
639 1750 693 1791 33,
714 1751 752 1792 73
782 1751 834 1790 10,

141 1796 266 1838 36,13.
294 1815 327 1819 ω
359 1797 527 1837 utriusq„
551 1794 610 1827 der
624 1795 776 1829 Phalanx
801 1806 835 1830 u.

140 1840 202 1875 der
226 1840 341 1874 Creter
366 1841 427 1873 mit
462 1841 527 1874 den
556 1841 684 1885 Wagen
712 1843 834 1885 (impe-

142 1888 327 1927 dimenta).
361 1906 407 1911 —
432 1891 581 1930 expect„
616 1887 659 1920 ob
685 1887 835 1920 darnarh

141 1937 184 1966 ut
207 1932 263 1967 od.
290 1933 374 1966 dum
400 1933 612 1977 ausgefallen
639 1933 701 1970 ist.
727 1945 753 1968 s.
781 1936 838 1975 23,

140 1982 197 2021 31,
222 1982 260 2018 73
290 1982 343 2020 10,
378 1981 434 2021 36,
468 1982 501 2020 2,
535 1979 619 2013 lasst
645 1980 716 2013 sich
743 1980 838 2013 nicht

140 2026 358 2061 bestimmen.
383 2045 429 2050 -—-
447 2026 610 2067 deicien„
624 2026 693 2070 vgl.
710 2028 765 2065 21,
780 2029 834 2063 33.

142 2075 173 2105 7.
198 2091 243 2097 -
267 2074 450 2113 saevient„
484 2072 565 2105 wild
598 2072 739 2106 wurden
766 2073 835 2106 und

141 2129 180 2153 so
215 2118 269 2152 die
302 2118 523 2162 Verwirrung
561 2119 760 2162 steigerten.
791 2139 836 2143 —

141 2166 257 2208 regio,
272 2164 350 2198 dem
363 2164 426 2197 mit
438 2164 515 2197 dem
531 2163 643 2207 Konig
658 2164 837 2198 kommen-

141 2210 220 2245 den.
237 2230 282 2235 —-
308 2211 554 2253 perculsisque
576 2210 620 2244 ist
641 2207 836 2255 expli'cativ.

142 2276 187 2283 —
212 2257 363 2297 referre,
387 2259 442 2299 41,
458 2258 489 2297 3,
505 2259 535 2289 6.
560 2276 606 2280 —-—
631 2259 761 2290 ruinae
780 2269 835 2300 pr.

141 2306 235 2345 sim„
260 2303 330 2347 vgl.
347 2305 380 2345 4,
399 2304 455 2343 33,
470 2305 505 2336 8:
533 2305 662 2336 ruinae
685 2305 836 2337 similem

142 2353 321 2392 stragan,-
346 2351 401 2390 21,
427 2351 482 2390 33,
509 2351 539 2382 7.

190 2397 314 2430 9—10.
351 2397 573 2436 sunt-sint,
600 2397 632 2435 4,
659 2396 712 2435 26,
738 2397 773 2433 ὃς
806 2398 838 2438 6,

144 2443 200 2484 20,
218 2444 274 2480 12ς
301 2442 338 2477 L.
351 2441 446 2475 stellt
460 2441 519 2475 der
537 2441 679 2485 Angabe
696 2441 755 2475 des
774 2442 838 2475 Po-

143 2488 216 2532 lyb.
252 2488 306 2521 die
339 2488 491 2532 weniger
524 2487 741 2531 glaublichen
770 2488 838 2522 und

145 2533 427 2568 fibertreibenden
454 2533 513 2567 der
526 2533 726 2567 Annalisten
742 2533 839 2567 Clau-

143 2579 220 2614 dius
246 2580 300 2614 od.
315 2579 471 2613 Valerius
484 2581 604 2614 Antias
631 2580 837 2623 gegenfiber.

143 2625 204 2660 Die
242 2627 287 2660 im
319 2626 414 2670 Fotg.
454 2630 648 2670 genannten
685 2625 838 2660 konnten

905 1563 990 1595 auch
1017 1563 1048 1595 in
1077 1562 1185 1595 einem
1205 1562 1337 1596 minder
1361 1562 1601 1596 bedeutenden

906 1608 1069 1643 Gesechte
1094 1609 1207 1641 fallen.
1233 1629 1276 1632 —
1303 1611 1339 1641 in
1369 1610 1433 1651 his,
1460 1610 1531 1651 ξό.
1556 1629 1601 1634 -

906 1666 1018 1698 supra
1034 1660 1112 1695 etta,
1137 1666 1177 1688 zu
1206 1656 1259 1694 27,
1284 1657 1340 1697 42,
1369 1657 1398 1687 Τ.
1424 1675 1469 1679 —
1493 1658 1599 1698 signa

905 1714 931 1734 s.
960 1713 1006 1742 o.,
1032 1703 1085 1735 27.
1115 1703 1166 1743 12,
1197 1704 1252 1735 17:
1282 1702 1323 1733 (le
1349 1701 1599 1736 ala—amissa.

953 1746 1011 1783 6¹7.
1050 1748 1179 1791 Einzug
1211 1748 1243 1780 in
1279 1747 1333 1780 die
1366 1747 1601 1792 Winterquar-

907 1795 1002 1827 tiere.

958 1843 1054 1874 1-5.
1083 1839 1157 1872 dies
1190 1844 1273 1873 statt
1298 1839 1358 1873 des
1384 1850 1425 1873 an
1459 1840 1535 1874 dem
1562 1841 1600 1874 T.

907 1886 1161 1920 Geschehenen.
1187 1905 1233 1909 —
1257 1886 1406 1929 pet-cul„
1422 1886 1600 1921 Tac.Ann.

912 1936 960 1967 14.
977 1935 1016 1966 41
1033 1946 1039 1965 :
1065 1932 1222 1975 perculit
1238 1935 1266 1964 is
1293 1932 1367 1964 dies
1385 1933 1600 1975 pompeium,

905 1980 996 2013 vieti.
1012 1980 1057 2012 ist
1083 1981 1133 2010 ita
1159 1978 1306 2011 darnach
1322 1979 1602 2022 ausgesallen.—

906 2026 1032 2068 Mops„
1058 2036 1084 2057 c.
1113 2027 1167 2064 65,
1199 2028 1226 2057 1.
1253 2044 1296 2049 -—
1322 2025 1462 2067 sepult„
1488 2028 1542 2065 36,
1570 2028 1601 2067 8,

907 2075 938 2106 4.
965 2091 1008 2096 -
1035 2072 1083 2103 ad
1110 2070 1236 2106 Gonu..
1263 2071 1351 2103 hier:
1391 2071 1422 2103 in
1450 2072 1603 2113 Gonnus,

908 2119 1035 2151 ebenso
1062 2117 1110 2149 ad
1138 2117 1297 2157 ΡΙιίΙαηι;
1324 2119 1378 2158 39,
1403 2120 1458 2159 53,
1491 2120 1529 2151 14
1555 2118 1604 2150 ad

909 2163 1198 2206 Philippopolim
1224 2164 1266 2196 ih.
1294 2165 1347 2201 23,
1375 2165 1412 2200 83
1441 2166 1494 2205 44,
1516 2166 1548 2207 6,
1568 2166 1601 2205 2,

908 2211 977 2254 vgl.
1005 2212 1059 2250 36,
1082 2211 1130 2251 11,
1147 2211 1182 2243 3;
1209 2209 1295 2242 doch
1323 2209 1412 2242 kann
1436 2210 1521 2243 auch
1549 2209 1602 2244 die

907 2255 1108 2300 Umgegend
1143 2256 1203 2288 mit
1235 2256 1378 2289 umfasst
1404 2256 1494 2295 sein;
1528 2256 1599 2300 vgl.

909 2313 937 2336 c.
971 2304 1020 2343 12,
1051 2305 1083 2336 1:
1112 2302 1218 2345 apud.
1247 2321 1291 2325 —
1316 2304 1427 2344 regiis
1453 2303 1496 2335 ist
1510 2313 1603 2336 zwar

909 2348 1002 2382 nicht
1038 2347 1280 2391 nothwendig.
1316 2348 1396 2381 aber
1434 2348 1527 2382 nicht
1559 2359 1601 2382 zu

910 2395 1096 2429 entl‘ernen.
1130 2414 1173 2417 —
1206 2394 1344 2426 Philam
1383 2394 1604 2428 unmittelbar

909 2440 1120 2474 nordostlich
1154 2440 1267 2473 hinter
1290 2439 1436 2483 Tempe,
1465 2442 1492 2482 j.
1519 2440 1603 2484 Pyr-

913 2487 1027 2531 gheto,
1054 2486 1250 2530 HeuzeySO
1262 2486 1294 2527 s.,
1321 2497 1385 2519 nur
1409 2486 1515 2520 durch
1541 2487 1602 2521 das

909 2532 1116 2567 Peneustlial
1143 2542 1209 2566 von
1233 2532 1407 2577 Magnesia
1432 2536 1603 2576 genennt,

910 2579 1014 2613 daher
1040 2590 1085 2611 exc
1108 2581 1325 2622 propinquo.
1351 2579 1421 2622 vgl.
1450 2581 1504 2616 28,
1519 2581 1549 2619 3,
1570 2582 1601 2614 4.

909 2645 954 2649 —
981 2624 1179 2668 Magnetas,
1206 2624 1260 2658 die
1286 2624 1484 2659 nordlichen
1509 2625 1603 2669 Mag—

1241 1045 1314 1072 nec
1346 1033 1596 1073 incruentam
1619 1040 1659 1073 10
