1779 2893
153 105 180 125 a.
199 95 252 124 eh.
275 96 334 123 184.
383 97 388 102 “

581 85 708 118 LIBER
732 84 882 119 XXXIX.
933 85 1027 119 CAP.
1056 87 1109 120 34.
1137 87 1190 120 35.
1553 82 1605 121 69

153 214 243 242 cum
266 214 312 242 eo
335 208 375 242 et
395 202 612 242 multorum
630 202 768 243 talium
790 202 1019 242 ministrum
1041 209 1080 241 et
1100 202 1306 242 conscium
1328 201 1507 242 habebat.
1533 202 1604 242 Ca·
1630 207 1668 240 10

150 260 294 300 sander
323 272 484 313 quoque
506 260 658 308 missis,
682 260 750 312 qui
772 273 845 312 per
866 260 1034 312 Epirum
1062 260 1108 299 ad
1131 272 1238 300 mare
1265 267 1608 312 prosequerentur

151 330 256 366 eum,
279 331 330 358 ne
351 330 428 369 qua
444 317 637 357 indicium
655 324 866 366 emanaret,
882 330 1035 357 veneno
1055 317 1230 357 creditur
1246 318 1436 358 sublatus.
1479 317 1529 358 Et
1549 317 1604 358 le-
1619 318 1669 355 35

151 375 228 427 gati
245 388 265 414 a
281 374 456 428 Philippi
472 375 687 428 conloquio
704 376 754 415 ita
772 375 940 427 digressi
957 382 1063 423 sunt,
1082 385 1124 415 ut
1140 388 1235 427 prae
1261 388 1302 415 se
1319 377 1484 424 ferrent,
1507 375 1607 415 nihil

150 445 288 473 eorum
311 432 386 472 sibi
409 433 578 485 placere,
603 441 641 473 et
656 433 867 485 Philippus
883 432 1059 481 minime,
1078 433 1175 484 quin
1196 433 1466 473 rebellandum
1491 440 1606 482 esset,
1628 437 1648 470 2

150 490 307 530 dubius.
340 491 431 543 quia
453 496 584 530 tamen
607 491 828 531 inmaturae
850 491 896 530 ad
915 491 954 530 id
975 491 1077 530 vires
1100 497 1224 539 erant,
1248 491 1295 530 ad
1311 503 1461 530 moram
1479 491 1605 531 inter-

147 548 374 601 ponendam
402 548 647 588 Demetrium
677 549 872 588 minorem
901 548 1025 587 filium
1053 548 1211 587 mittere
1232 547 1397 587 Romam
1419 549 1538 588 simul
1559 549 1607 588 ad

147 605 354 658 purganda
387 606 575 656 crimina,
607 606 725 646 simul
755 607 801 646 ad
832 606 1120 658 deprecandam
1149 606 1248 645 iram
1273 612 1434 645 senatus
1456 606 1604 655 statuit,

147 663 242 704 satis
263 664 430 704 credens
452 664 584 716 ipsum
603 665 719 704 etiam
741 665 938 712 iuvenem,
962 664 1069 715 quod
1092 664 1239 703 Romae
1263 663 1379 703 obses
1401 665 1605 715 specimen
1627 668 1648 701 3

148 721 294 761 indolis
322 721 454 773 regiae
486 722 679 770 dedisset,
710 722 859 775 aliquid
881 722 1071 761 momenti
1097 722 1308 761 facturum.
1351 721 1511 761 interim
1534 735 1607 774 per
1627 727 1647 759 4

147 779 321 832 speciem
335 779 469 819 auxilii
486 780 684 833 Byzantiis
701 780 868 827 ferendi,
885 792 927 818 re
944 780 1030 832 ipsa
1045 779 1091 819 ad
1105 787 1297 819 terrorem
1314 779 1464 829 regulis
1480 780 1604 819 Thra-

147 849 238 876 cum
260 836 505 877 iniciendum
527 838 753 890 profectus,
776 837 971 890 perculsis
993 837 1041 876 iis
1063 850 1144 877 uno
1168 837 1321 889 proelio
1347 843 1385 876 et
1407 837 1605 877 Amadoco

145 894 246 934 duce
277 901 392 948 capto
421 896 463 935 in
493 895 762 935 Macedoniam
794 895 910 935 rediit
929 895 1062 935 missis
1083 895 1130 934 ad
1153 895 1308 935 adcolas
1330 894 1453 935 Histri
1475 896 1607 935 ssumi-

145 952 208 992 nis
229 952 440 1002 barbaros,
464 959 506 993 ut
528 953 570 992 in
592 953 742 993 Italiam
763 954 1068 1006 inrumperent,
1092 952 1376 992 sollicitandos.

261 1009 310 1049 Et
331 1010 371 1049 in
394 1010 673 1063 Peloponneso
696 1011 886 1051 adventus
912 1011 1130 1062 legatorum
1162 1010 1446 1055 Romanorum,
1471 1011 1537 1062 qui
1562 1023 1607 1050 ex
1628 1015 1647 1047 5

145 1068 374 1108 Macedonia
392 1069 432 1108 in
450 1069 634 1108 Achaiam
653 1070 710 1108 ire
731 1069 830 1109 iussi
846 1075 971 1116 erant,
991 1068 1283 1120 expectabatur;
1300 1068 1487 1107 adversus
1505 1081 1606 1121 quos

145 1133 188 1166 ut
198 1131 431 1178 praeparata
442 1124 607 1166 consilia
621 1126 828 1175 haberent,
839 1127 1029 1179 Lycortas
1041 1131 1202 1178 praetor
1220 1125 1434 1165 concilium
1452 1126 1604 1165 indixit.

144 1215 187 1238 zu
205 1206 237 1247 2,
252 1206 306 1247 22,
321 1205 501 1238 7.—mult.
533 1205 606 1247 tal„
622 1205 691 1248 vgl.
716 1207 770 1247 35,
792 1207 839 1247 15,

145 1252 183 1285 8:
207 1253 366 1284 omnium
380 1253 842 1293 exter-nomm—ministr„

143 1299 200 1340 42,
226 1299 277 1339 15,
301 1300 340 1337 3;
366 1297 412 1331 ib.
437 1300 493 1339 41,
516 1300 555 1337 4;
580 1300 635 1339 35,
659 1300 762 1339 15,4:
790 1301 841 1330 ea-

143 1343 232 1376 lium
278 1345 490 1377 ministeriis
536 1343 755 1384 facinorum.
795 1364 841 1367 —

144 1400 296 1433 quoque,
321 1389 403 1423 weil
429 1390 515 1424 auch
542 1390 713 1424 Casander
738 1389 839 1423 keine

143 1435 295 1479 Anzeige
328 1436 472 1470 machen
498 1436 640 1470 konnte
671 1457 716 1460 —
746 1437 840 1469 cred.

142 1482 229 1515 subl.
233 1482 357 1524 ‚vonL.
370 1482 561 1526 gemildert,
573 1482 645 1516 Pol.
657 1479 839 1529 φαρμάκῳ

144 1524 202 1561 ὃιέ
230 1527 369 1575 θἐιρεν.

240 1577 378 1610 ‚1—4.
413 1575 577 1617 digressi,
611 1574 678 1607 wie
709 1576 763 1608 35.
786 1576 840 1608 38.

146 1622 182 1653 11
211 1640 257 1644 —
277 1631 370 1663 prae
393 1632 430 1653 se
452 1620 533 1662 fer„
559 1620 639 1653 kein
664 1619 751 1653 Hehl
784 1620 841 1653 da—

143 1676 222 1700 raus
239 1666 409 1707 machten,
435 1666 504 1710 v.gl
525 1677 552 1699 c
580 1668 633 1707 28,
650 1668 679 1699 7.
695 1668 841 1709 -ᾳηία

144 1715 262 1745 tamen
280 1716 357 1755 etc„
383 1711 457 1746 Pol.
459 1711 573 1766 πρὸς
595 1711 676 1745 ἔνια
702 1709 742 1745 δὲ
760 1712 840 1745 τῶν

142 1759 419 1813 επινοουμένων
450 1754 640 1815 ἇπόχειρος
674 1754 727 1791 ὢν
760 1759 839 1792 ἐπε-

141 1801 276 1858 βάλετο
293 1804 373 1838 πῶς
390 1818 436 1838 αν
454 1805 508 1838 ἔτι
521 1800 665 1859 γένοιτό
684 1815 738 1837 τις
751 1800 836 1838 ἄνα-

142 1848 282 1898 στροφὴ
306 1853 367 1883 καὶ
393 1847 498 1895 λάβοι
521 1848 666 1898 χρόνον.
702 1871 740 1875 —
776 1853 840 1883 mi-

140 1907 285 1937 norem,
310 1896 385 1932 Pol.
411 1909 621 1937 νεωτατον,
651 1896 711 1930 der
736 1897 839 1931 dritte

143 1941 239 1976 Sohn
264 1942 432 1987 Philipps,
459 1954 485 1978 s
511 1945 567 1985 42,
582 1944 636 1985 52,
651 1946 690 1981 5;
714 1945 768 1985 44,
783 1946 838 1985 45,

143 1990 177 2032 8,
209 1989 256 2023 ist
288 1989 406 2023 weder
438 1990 511 2024 hier
535 1989 624 2023 noch
653 1971 708 2031 40,
735 1992 755 2024 6
781 1990 840 2023 be-

142 2035 269 2069 achtet.
280 2037 447 2079 —obses,
461 2047 487 2070 s
499 2038 554 2077 34,
565 2037 627 2074 52·
642 2035 787 2089 Appian.
800 2038 838 2070 9:

143 2083 413 2137 κεχαρισμένος
428 2083 497 2135 μὲν
534 2082 572 2114 ἐκ
609 2078 724 2115 πάλαι
757 2078 838 2115 Ῥω-

140 2129 263 2171 μαίοις
278 2139 353 2162 απο
371 2138 433 2171 της
450 2123 672 2174 ὁμηρίας.-
685 2131 827 2171 specim.
821 2154 839 2170 .,

144 2174 256 2216 139
282 2176 528 2215 4;35,15,3.
555 2174 838 2216 ——aliq..mom

140 2218 180 2262 fi,
195 2220 261 2273 29,
286 2201 341 2261 35,
370 2200 429 2259 12ς
456 2201 529 2253 Pol
557 2220 753 2253 ἐπέπειστο
778 2216 838 2252 διὰ

140 2261 274 2299 τούτου
289 2266 367 2300 πᾶν
383 2264 425 2299 τὸ
442 2265 630 2312 προτεθὲν
643 2262 837 2299 ἀνύεσθαι.

141 2311 424 2352 -auchl—fer
444 2313 547 2356 zeigt,
574 2311 654 2345 dass
678 2311 750 2345 sich
768 2311 837 2356 By-

141 2367 237 2400 zanz,
263 2358 424 2402 obgleich
448 2358 483 2392 in
509 2358 586 2392 dem
608 2357 752 2391 Bereich
778 2357 838 2391 der

141 2403 340 2438 flerrschast
364 2404 424 2438 des
443 2403 574 2448 Kfinigs
590 2403 762 2438 Eumenes
779 2414 836 2448 ge—

138 2449 255 2494 legen,
269 2460 312 2484 an
326 2450 551 2485 Macedonien
566 2450 836 2493 angeschlossen

141 2495 212 2530 hat.
270 2495 389 2540 Gegen
420 2497 554 2531 welche
588 2496 715 2530 Feinde
748 2496 835 2529 Phil.

142 2541 197 2575 die
222 2541 322 2576 Stadt
354 2543 520 2577 schfitzen
546 2542 630 2584 soll,
663 2543 708 2576 ist
743 2542 836 2575 nicht

141 2587 308 2622 hemerkt.
342 2588 421 2623 Erst
446 2589 521 2623 eine
540 2588 698 2622 'ahnliche
719 2588 837 2622 L'nter-

912 1205 1086 1247 nehmung
1120 1204 1205 1237 wird
1232 1204 1378 1238 Perseus
1416 1205 1466 1238 als
1494 1204 1610 1238 Verle-

913 1256 1019 1294 tzung
1043 1251 1103 1284 des
1129 1250 1292 1326 Xgertrags
1321 1253 1375 1284 33.
1400 1253 1453 1285 30.
1477 1254 1497 1285 6
1532 1262 1609 1284 vor-

912 1297 1108 1340 geworfen.
1196 1299 1250 1332 42.
1282 1299 1332 1331 13.
1360 1301 1395 1333 7:
1422 1298 1466 1330 ib.
1494 1300 1549 1332 40.
1576 1302 1607 1333 6.

911 1343 979 1387 vgl.
996 1344 1040 1377 ib.
1056 1346 1110 1379 42.
1126 1344 1353 1385 -1—1·egulz·,s
1377 1343 1431 1377 die
1445 1343 1608 1377 Thracier

914 1400 1027 1423 w·a1en
1055 1390 1087 1422 in
1115 1389 1203 1423 xie-le
1230 1389 1345 1422 kleine
1372 1390 1524 1441 stamme
1551 1400 1609 1433 ge-

913 1436 1024 1469 theilt.
1052 1447 1076 1469 s.
1105 1437 1158 1470 38.
1181 1436 1268 1470 401.
1296 1435 1388 1468 Pol:
1424 1433 1506 1468 τοί-ς
1529 1436 1609 1469 τῶν

914 1482 1072 1528 Θοᾳνῶν
1098 1478 1280 1514 δυνάστας
1304 1482 1383 1514 Τῶν
1418 1494 1510 1514 tneo
1540 1494 1610 1524 TY‘V

911 1515 1171 1574 Προποντιδα·
1164 1540 1332 1561 κατοικοῑ
1337 1541 1358 1560 ι
1360 1540 1449 1561 των.
1454 1548 1498 1551 -
1500 1529 1609 1561 Ama—

912 1575 1000 1610 doc..
1027 1574 1085 1606 der
1103 1574 1157 1607 bei
1179 1573 1311 1609 Polxb..
1339 1574 1431 1607 viell.
1452 1574 1530 1607 weil
1554 1574 1607 1607 die

910 1620 1106 1663 Erziihlung
1139 1620 1378 1663 abgebrochen
1414 1621 1476 1656 ist.
1515 1621 1610 1654 nicht

912 1666 1180 1699 voikommende
1199 1666 1306 1699 Name
1333 1666 1462 1699 findet
1458 1667 1531 1699 sich
1553 1667 1609 1699 bei

911 1712 975 1745 den
995 1712 1086 1756 Odry
1091 1723 1162 1746 sen.
1182 1712 1284 1746 deren
1300 1712 1390 1746 Land
1409 1713 1501 1746 wohl
1521 1713 1610 1746 auch

907 1760 1007 1801 jetzt.
1027 1759 1094 1791 wie
1113 1770 1140 1792 c.
1161 1761 1214 1793 53.
1234 1760 1284 1792 12.
1303 1759 1460 1792 betreten
1479 1759 1606 1792 wurde.

910 1825 955 1829 —
977 1805 1209 1847 perculsis—
1225 1809 1328 1848 capto
1360 1807 1486 1847 missis,
1513 1817 1538 1838 s.
1566 1816 1607 1838 zu

912 1853 966 1885 29.
982 1853 1036 1885 35.
1052 1851 1111 1887 31ς
1132 1853 1186 1893 31.
1211 1853 1260 1885 10.
1280 1853 1318 1886 3:
1347 1854 1399 1885 44.
1417 1853 1447 1885 2.
1463 1854 1502 1889 4;
1525 1854 1608 1884 mis—

909 1900 968 1939 sis,
979 1897 1302 1930 absolutfiesandte
1312 1897 1489 1941 geschickt
1502 1898 1608 1937 hatte,

911 1943 1012 1988 §1st
1040 1943 1108 1986 vgl.
1145 1954 1185 1977 zu
1216 1947 1243 1978 1.
1273 1946 1326 1977 31.
1355 1946 1393 1980 2:
1425 1945 1478 1978 33.
1510 1947 1603 1979 11.1

911 2001 942 2022 u.
966 2001 996 2023 ο.
1023 2010 1069 2013 -
1095 1990 1241 2023 adcolas
1265 2009 1310 2014 —
1336 1991 1490 2031 bat-bar„
1529 2001 1554 2023 s.
1578 1993 1605 2025 1.

912 2038 944 2077 7,
959 2038 997 2073 5;
1017 2035 1322 2069 wahrscheinlich
1319 2036 1394 2069 <ind
1410 2036 1608 2069 schouhier

910 2081 964 2115 die
983 2081 1167 2115 Bastarner
1193 2082 1473 2125 gemeint.410,
1497 2084 1605 2124 5,10;

909 2128 955 2161 ih.
984 2130 1038 2170 57.

954 2172 1018 2217 35,
1048 2176 1171 2207 5—37.
1221 2173 1511 2216 Verhandlungen
1544 2173 1606 2206 mit

908 2219 974 2253 den
999 2220 1166 2253 Achiiern.
1204 2219 1329 2264 Polyb.
1357 2221 1445 2261 23,5
1469 2221 1536 2261 (22,
1553 2221 1604 2260 2);

908 2264 1054 2299 Pausan.
1083 2268 1113 2300 7.
1129 2268 1160 2307 9,
1176 2266 1241 2299 aff.

956 2313 1054 2346 5*8.
1082 2314 1144 2354 qui
1168 2323 1214 2344 ea·
1239 2311 1383 2351 Maced„
1410 2310 1476 2343 wie
1495 2322 1522 2343 c.
1551 2313 1604 2353 33,

907 2359 937 2390 5.
957 2368 1187 2401 —praepar.
1205 2369 1232 2390 c.
1249 2359 1339 2399 hab„
1357 2356 1424 2399 vgl.
1446 2358 1477 2395 3,
1495 2359 1550 2398 51,
1579 2360 1604 2390 l.

907 2423 952 2426 —
976 2403 1173 2447 Lycortas,
1209 2405 1263 2438 38.
1290 2405 1344 2437 32.
1379 2412 1414 2435 er
1439 2402 1482 2436 ist
1517 2403 1602 2444 ietzt

907 2458 984 2482 zum
999 2449 1204 2483 erstenmale
1216 2448 1366 2491 Strateg,
1381 2459 1407 2481 c.
1425 2450 1483 2487 36;
1500 2459 1602 2482 wenn

906 2495 1044 2528 Archon
1063 2498 1126 2530 567
1140 2510 1146 2533 ς
1162 2494 1410 2538 Philopoemen
1430 2496 1514 2534 56&
1528 2495 1603 2528 Ari-

908 2544 1048 2574 staenus
1059 2542 1137 2582 569,
1149 2551 1173 2574 S.
1186 2542 1297 2583 c.23,5
1310 2555 1316 2579 ς
1328 2540 1496 2583 Ρο1.23,7,
1507 2541 1601 2575 diese

908 2585 1036 2620 Wfirde
1054 2586 1261 2629 bekleidete,
1288 2587 1334 2620 im
1352 2585 1435 2620 Jahr
1451 2589 1527 2622 570.
1549 2590 1602 2620 in-
