1747 2844
223 96 304 136 214

696 98 820 132 LIBER
843 98 977 132 XXXX.
1025 98 1118 132 CAP.
1143 101 1196 132 56.

1495 116 1521 136 a.
1542 115 1572 136 u.
1591 109 1652 135 575.

223 216 403 268 optabilis
420 227 504 254 esse
521 214 668 263 debeat,
689 226 870 265 regnum,
890 213 994 265 quod
1011 226 1030 253 a
1047 219 1188 265 patruo
1210 220 1277 252 tuo
1293 213 1399 262 sorti,
1421 225 1503 253 non
1524 214 1652 253 solum

221 273 324 312 fideli
344 272 462 312 tutela
485 272 568 310 eius
591 272 827 311 custoditum
861 276 899 310 et
918 277 1076 310 auctum
1107 270 1220 310 etiam
1249 270 1397 322 accepi,
1421 270 1459 309 id
1480 270 1553 310 tihi
1573 277 1652 310 tra-

181 337 201 368 5
221 330 310 369 dere
332 330 372 368 in
394 329 523 368 animo
541 335 611 368 est.
651 335 689 368 te
706 341 830 367 unum
847 327 984 376 habeo,
1011 339 1126 379 quem
1144 327 1304 379 dignum
1322 339 1445 378 regno
1461 327 1651 375 iudicem;

221 387 253 425 si
275 386 472 426 neminem
494 385 689 434 haberem,
712 386 843 437 perire
865 391 902 424 et
923 385 1117 436 exstingui
1135 384 1172 423 id
1194 384 1348 424 mallem
1370 396 1485 435 quam
1506 383 1651 424 Perseo

179 449 199 481 6
219 443 404 482 scelestae
426 443 573 482 fraudis
589 440 804 494 praemium
823 455 921 482 esse.
963 441 1202 481 Demetrium
1226 441 1433 481 excitatum
1451 440 1498 480 ab
1515 440 1652 480 inferis

221 501 524 552 restitutumque
545 500 698 539 credam
720 500 829 546 mihi,
852 499 883 538 si
905 505 956 547 te,
980 499 1048 550 qui
1069 498 1184 537 morti
1209 498 1446 545 innocentis,
1472 497 1540 550 qui
1563 511 1651 537 meo

220 557 368 596 infelici
389 557 515 596 errori
537 569 639 596 unus
656 557 920 603 inlacrimasfi,
942 556 983 595 in
1005 556 1136 595 locum
1154 556 1238 595 eius
1255 556 1510 595 substitutum
1530 555 1651 595 relin-

180 621 198 653 7
220 617 377 666 quani.⁴·'
409 614 455 653 ab
484 614 559 653 hoc
590 626 773 653 sermone
805 613 912 653 omni
943 625 1086 663 genere
1115 612 1279 652 honoris
1309 613 1530 664 producere
1561 625 1651 651 eum

221 684 301 711 non
325 671 483 711 destitit.
525 683 612 710 cum
643 671 683 710 in
721 670 885 710 Thracia
913 670 1078 709 Perseus
1107 670 1271 717 abesset,
1294 670 1503 709 circumire
1523 669 1652 709 Mace-

221 728 359 768 doniae
380 728 498 767 urbes
519 728 847 779 principibusque
870 728 1111 778 Antigonum
1135 726 1430 775 commendare3
1453 732 1502 777 et,
1525 726 1557 766 si
1577 726 1653 766 vita

219 785 376 837 longior
396 784 646 836 subpetisset,
669 785 770 824 haud
800 784 961 823 dubium
990 784 1076 831 fuit,
1108 783 1204 836 quin
1226 796 1316 822 eum
1338 784 1378 823 in
1401 783 1652 835 possessione

179 848 199 881 8
217 843 331 892 regni
362 842 572 880 relicturus
600 842 730 881 fuerit.
769 841 816 880 ab
844 840 1088 880 Demetriade
1118 841 1320 892 profectus
1350 841 1652 880 Thessalonicae

220 899 432 950 plurimum
450 899 638 950 temporis
653 904 829 938 moratus
843 898 981 938 fuerat.
1023 898 1113 937 inde
1128 910 1217 936 cum
1235 897 1502 949 Amphipolim
1522 897 1652 937 venis-

179 963 198 994 9
218 963 289 1004 set,
311 956 414 1007 gravi
436 955 574 994 morbo
605 962 663 995 est
684 955 898 1008 inplicitus.
941 955 1009 994 sed
1030 954 1159 994 animo
1188 961 1319 994 tamen
1349 967 1509 1007 aegrum
1529 954 1653 1006 magis

220 1014 339 1052 fuisse
369 1025 483 1064 quam
506 1025 673 1064 corpore
695 1018 859 1060 constat,
883 1012 1068 1064 curisque
1090 1018 1128 1051 et
1154 1011 1307 1063 vigiliis,
1330 1024 1419 1051 cum
1441 1011 1653 1051 identidem

220 1070 370 1122 species
401 1076 438 1108 et
466 1069 627 1109 umbrae
658 1071 825 1109 insontis
857 1069 1082 1120 interempti
1113 1068 1179 1107 filii
1211 1069 1414 1120 agitarent,
1447 1081 1536 1108 cum
1559 1068 1653 1108 diris

162 1134 201 1166 10
222 1126 455 1167 exstinctum
472 1139 556 1165 esse
574 1127 905 1166 exsecrationibus
922 1125 1093 1165 alterius.
1136 1130 1265 1165 tamen
1282 1126 1483 1165 admoneri
1501 1125 1652 1178 potuis-

220 1191 277 1223 set
295 1184 529 1234 Antigonus,
551 1184 582 1222 si
594 1192 659 1223 cmc
675 1185 857 1235 adfuisset
873 1190 939 1222 aut
957 1183 1084 1222 statim
1103 1182 1230 1234 palam
1241 1183 1337 1222 sacta
1350 1189 1453 1222 esset
1468 1195 1575 1222 mors
1590 1195 1652 1222 re-

163 1247 195 1280 11
220 1241 290 1292 gis.
332 1240 507 1280 medicus
539 1240 767 1291 Calligenes,
799 1240 865 1292 qui
896 1239 1089 1279 curationi
1120 1244 1312 1291 praeerat,
1342 1252 1423 1278 non
1454 1246 1651 1291 expectata

218 1304 342 1337 morte
360 1298 464 1348 regis
479 1310 499 1336 3
521 1298 658 1350 primis
670 1297 953 1349 desperationis
970 1297 1074 1336 notis
1089 1296 1251 1336 nuntios
1267 1309 1339 1348 per
1355 1296 1567 1348 dispositos
1609 1313 1651 1345 «κ,

264 1390 364 1421 4—5.
390 1386 497 1429 forti,
531 1398 601 1419 non
627 1387 707 1428 sol„
734 1397 758 1419 s.
777 1389 898 1424 31.43,

219 1436 257 1471 4;
274 1436 327 1473 45,
352 1435 405 1474 39,
430 1435 488 1466 10:
520 1432 611 1472 forti
635 1452 680 1456 —
703 1433 784 1474 sid,
818 1443 842 1465 s.
871 1443 897 1465 e.

219 1481 272 1521 49,
297 1482 325 1511 ἶ.
362 1498 405 1502 ——
439 1481 513 1510 eins
546 1478 662 1511 wurde
695 1488 770 1511 man
805 1478 896 1511 nicht

219 1525 415 1559 vermissen.
441 1524 520 1557 eher
547 1527 579 1556 et
603 1529 780 1557 erwarten.
799 1543 843 1547 —
867 1527 898 1555 et

217 1591 263 1594 —
288 1572 411 1611 etiam,
438 1573 509 1604 sti.
527 1571 577 1610 12,
593 1571 770 1606 6:251&
786 1572 804 1602 5
821 1581 850 1602 u.
867 1580 896 1602 3.

218 1637 262 1640 —
287 1619 441 1656 auctum,
467 1615 571 1648 durch
597 1615 717 1658 Kriege
743 1616 802 1648 mit
831 1615 894 1648 den

218 1662 413 1705 illyrischen
473 1659 644 1703 Volkern,
709 1661 894 1694 besonders

218 1707 322 1740 durch
347 1706 410 1740 den
428 1706 575 1739 Einssuss
598 1707 630 1739 in
649 1706 895 1740 Griechenland

217 1753 251 1785 in
268 1752 372 1794 Folge
398 1752 455 1784 der
479 1751 638 1785 Schlacht
664 1753 718 1785 hei
742 1752 895 1792 Sellasia,

218 1809 245 1831 c.
261 1801 315 1838 54,
329 1801 358 1831 4.
384 1817 428 1820 —
453 1800 607 1839 amitat„
633 1798 699 1840 vgl.
728 1800 781 1839 26,
797 1799 850 1839 32,
865 1800 894 1830 4.

218 1864 262 1868 —
289 1844 464 1884 illacrim„
489 1845 543 1885 25,
559 1845 610 1875 24.
630 1846 678 1876 11.

265 1890 362 1922 7—9.
390 1890 432 1921 ab
456 1889 488 1921 lL.
513 1900 551 1929 3.,
577 1899 603 1921 c.
620 1891 674 1926 49,
694 1893 719 1921 1.
739 1907 781 1911 —
801 1891 897 1921 omni

215 1945 308 1977 gen„
333 1935 412 1975 mit,
439 1945 476 1967 so
503 1934 579 1967 dass
606 1945 640 1967 er
664 1935 734 1967 ihm
760 1935 892 1975 erwies,

219 1980 315 2013 oder:
342 1980 456 2019 durch,
475 1990 528 2013 wo
548 1980 629 2013 wir:
656 1991 695 2013 zu
715 1983 894 2021 erwarten,

217 2026 285 2069 vgl.
309 2028 486 2067 35,15.5;
513 2026 578 2058 Cic.
605 2026 645 2059 de
672 2026 759 2059 dom.
785 2027 892 2067 9,21:

214 2082 319 2114 quem
345 2075 381 2103 tu
407 2082 477 2104 non
498 2082 567 2114 pru
594 2072 692 2104 illius
719 2072 894 2113 dignitate

215 2117 463 2159 produoeera55
484 2118 692 2159 produc-ere,
718 2128 752 2150 er
778 2117 893 2150 stellte

217 2163 275 2195 ihn
306 2173 385 2203 vor,
419 2163 485 2195 wie
514 2163 713 2205 producere
742 2165 780 2195 in
813 2174 894 2195 con—

217 2211 356 2241 tionem.
382 2228 427 2232 —
450 2209 702 2251 Amphipolim,
728 2220 754 2242 c.
783 2210 836 2249 24,
857 2211 895 2245 3;

216 2255 339 2295 4⁵2,st
358 2256 407 2287 11.
433 2274 478 2277 —
503 2256 622 2286 animo
648 2258 724 2296 etc,
750 2254 856 2287 lustin
873 2254 894 2287 l.

216 2299 237 2332 l.
251 2313 256 2332 :
274 2301 397 2332 morbo
412 2311 456 2332 ea:
470 2300 696 2342 aegritudine
713 2303 894 2333 contracto

217 2345 371 2378 decessit.
397 2365 441 2369 —
465 2348 607 2388 speeies,
632 2346 699 2388 vgl.
717 2348 770 2387 25,
785 2347 838 2386 38,
856 2347 892 2383 9;

217 2391 764 2424 etumbraenaherhestimmond2
763 2372 896 2424 861131-

219 2440 338 2478 tenges
342 2436 464 2475 talten;
499 2436 594 2470 Diod.
628 2437 648 2469 l.
683 2437 723 2470 l.:
761 2431 893 2480 ὀνειρο-

219 2462 437 2524 πολοίμειος
461 2483 520 2514 καὶ
557 2479 615 2514 διὰ
640 2480 708 2524 τὴν
732 2468 894 2524 σι”νειδη-

219 2536 276 2558 σιν
302 2527 362 2568 τῆς
386 2528 433 2560 εἰς
449 2525 515 2560 τὸν
533 2524 790 2580 εὐγενέστατον
814 2526 895 2560 viba]

216 2555 382 2613 ἇσε3ειά3
400 2570 675 2618 ταοαττόμενος.
702 2573 761 2607 Die
783 2573 895 2607 vv-ort

972 1386 1121 1428 stellung
1157 1386 1201 1418 ist
1240 1385 1406 1419 unsicher.
1439 1405 1484 1410 —-
1520 1388 1650 1419 insoni,

970 1434 1166 1474 inter-emp„
1187 1434 1214 1473 1,
1230 1433 1284 1473 21,
1303 1434 1314 1464 1
1331 1445 1337 1470 ;
1354 1433 1384 1473 2,
1400 1433 1453 1472 22,
1468 1433 1498 1465 4.
1513 1451 1557 1456 -—
1572 1442 1651 1464 cum

969 1478 1039 1510 dir.
1066 1488 1210 1519 emeca,
1244 1488 1269 1510 S.
1298 1487 1325 1510 c.
1352 1481 1383 1519 5,
1401 1480 1413 1510 1
1429 1491 1436 1515 ;
1455 1478 1509 1519 26,
1524 1479 1577 1518 25,
1594 1479 1644 1511 12.

1017 1525 1159 1556 10—11.
1177 1526 1292 1555 tamen
1304 1526 1367 1556 etc.
1386 1522 1651 1566 DieBeziehung

968 1570 1026 1603 des
1053 1568 1135 1611 solg.
1151 1568 1270 1601 Satzes
1287 1568 1332 1601 ist
1349 1568 1481 1610 unklar,
1507 1568 1547 1601 da
1573 1579 1651 1602 vor·

966 1617 1162 1657 ausgesetzt
1187 1613 1324 1647 werden
1349 1624 1465 1655 muss,
1487 1613 1566 1648 dass
1591 1614 1650 1648 der

966 1661 1078 1703 Konig
1096 1659 1271 1703 pliitzlich,
1299 1659 1414 1693 sruher
1437 1659 1487 1692 als
1503 1670 1581 1693 man
1600 1670 1650 1693 er-

966 1710 1091 1739 wartet
1117 1706 1222 1745 hatte,
1248 1705 1440 1748 gestorben,
1466 1705 1547 1739 oder
1571 1705 1648 1739 dass

965 1763 1033 1785 von
1070 1751 1139 1783 ihm
1164 1751 1357 1793 Antigonus
1389 1750 1508 1794 irgend
1532 1751 1648 1785 wohin

967 1796 1143 1840 geschickt
1163 1796 1303 1829 worden
1329 1796 1393 1835 seh
1420 1796 1510 1829 viell.
1529 1797 1575 1829 ist
1592 1796 1647 1830 die

966 1841 1245 1876 Undeutlichkeit
1271 1842 1363 1875 nicht
1388 1841 1493 1874 durch
1516 1842 1550 1876 L.
1570 1852 1648 1875 son-

968 1888 1049 1922 dern
1075 1887 1179 1920 durch
1204 1887 1257 1920 dje
1275 1887 1503 1920 Abschreiber
1527 1898 1645 1921 veran-

963 1932 1057 1967 lasst.
1068 1952 1111 1957 —
1122 1934 1318 1974 admoneri,
1344 1933 1491 1966 erinnert
1508 1933 1646 1966 werden

964 1980 1023 2013 das
1040 1979 1189 2021 Nothige
1214 1989 1254 2012 zu
1281 1978 1376 2020 thun,
1403 1989 1460 2012 um
1478 1978 1540 2012 den
1559 1978 1645 2012 Plan

962 2025 1117 2068 Philipps
1136 2024 1381 2062 auszufiihrem
1399 2023 1532 2057 Andere
1550 2024 1645 2058 lesen

963 2072 1146 2104 admoveri
1185 2081 1216 2103 n.
1259 2070 1307 2102 ad
1354 2080 1505 2112 regnum
1514 2095 1524 2112 ,
1572 2079 1644 2103 was

963 2116 1165 2150 schwerlich
1199 2116 1233 2148 in
1266 2115 1342 2148 dem
1377 2115 1553 2148 einsachen
1583 2115 1644 2148 ad-

962 2165 1098 2195 moveri
1121 2162 1232 2204 liegen
1257 2161 1358 2194 kann.
1373 2180 1418 2184 —
1431 2163 1590 2203 potuis-s„
1616 2171 1641 2194 S.

968 2210 1021 2249 39,
1037 2210 1091 2248 42,
1106 2210 1135 2240 7.
1171 2226 1211 2230 —
1247 2210 1311 2239 aut
1341 2226 1386 2229 —
1417 2208 1556 2248 statim,
1589 2205 1643 2239 die

964 2254 1167 2296 Erganzung
1184 2253 1229 2285 ist
1247 2251 1414 2293 unsicher,
1433 2251 1474 2284 da
1492 2251 1546 2285 die
1563 2251 1642 2284 Hds.

965 2300 1062 2332 haud
1083 2301 1202 2331 statim
1219 2298 1288 2338 hat,
1314 2308 1345 2330 u.
1363 2297 1396 2330 L.
1416 2297 1502 2330 auch
1519 2296 1643 2330 andere

965 2344 1197 2377 Verh'altnisse
1208 2341 1413 2385 angedeutet
1421 2342 1531 2376 haben
1541 2342 1641 2376 kann.

963 2409 1008 2414 ——
1029 2389 1100 2432 pal.
1126 2387 1173 2429 fl,
1208 2399 1234 2421 s.
1261 2388 1281 2431 ξ
1308 2389 1344 2425 3;
1383 2390 1481 2430 1,41,
1507 2387 1641 2430 6,'vgl.

963 2446 1023 2469 zur
1049 2434 1220 2467 Situation
1245 2433 1323 2467 Tac.
1347 2433 1432 2467 Anu.
1451 2435 1479 2476 1,
1494 2437 1513 2468 5
1539 2437 1641 2471 extr.;

966 2482 1018 2522 12,
1036 2482 1077 2513 67
1092 2479 1114 2512 s.
1139 2498 1183 2503 -
1209 2479 1400 2522 desperat„
1425 2479 1504 2512 dass
1529 2489 1564 2512 er
1589 2479 1642 2512 die

964 2524 1152 2559 Krankheit
1191 2524 1396 2558 fiberstehen
1438 2525 1561 2558 werde.
1598 2543 1643 2548 —-

962 2582 1027 2614 per
1060 2571 1159 2613 disp„
1192 2571 1227 2602 in
1260 2570 1477 2604 bestimmten
1510 2570 1643 2603 Entfer-
