1779 2893
532 76 659 111 LIBER
682 77 817 111 XXXX.
868 77 962 111 CAP.
989 81 1042 113 33.
1070 82 1122 113 34.
1488 75 1566 114 171

120 95 147 116 a.
168 88 221 116 Ch.
244 88 301 115 181.
349 86 353 90 '

118 194 336 235 exercitum
367 206 526 235 omnem
557 195 597 233 iu
630 195 770 234 urbem
801 194 1032 234 introduxit.
1076 193 1281 241 Celtiberi,
1314 195 1381 247 qui
1403 195 1570 246 profecti
1591 203 1612 236 4

119 258 232 292 erant
254 266 275 293 a
299 253 416 292 domo
438 251 649 292 deditionis
671 252 820 303 ignari,
853 265 942 292 cum
965 251 1121 292 tandem
1146 253 1366 304 superatis,
1396 252 1464 292 ubi
1487 253 1570 305 pri-

117 322 226 350 mum
247 311 488 350 remiserunt
515 309 684 358 imbres,
719 310 903 350 amnibus
926 309 1176 350 Contrebiam
1204 311 1426 359 venissent,
1459 317 1570 363 post-

118 381 236 420 quam
267 369 374 408 nulla
396 374 523 408 castra
544 373 651 407 extra
673 368 827 408 moenia
848 368 1050 415 viderunt,
1084 374 1151 406 aut
1172 368 1213 406 in
1235 369 1395 408 alteram
1419 375 1569 420 partem

117 426 305 467 translata
334 426 409 466 rati
439 431 506 465 aut
533 425 746 465 recessisse
776 426 932 473 hostes,
967 438 1039 478 per
1069 425 1359 476 neglegentiam
1387 426 1501 466 effusi
1523 427 1569 466 ad

117 484 309 537 oppidum
338 490 606 524 accesserunt.
637 483 678 522 iu
710 496 776 523 eos
808 483 959 524 duabus
981 483 1107 536 portis
1129 483 1297 524 Romani
1319 485 1570 536 eruptionem
1589 492 1610 525 5

113 543 299 582 fecerunt
310 548 348 582 et
363 542 651 594 incompositos
667 541 794 582 adorti
810 542 1013 582 fuderunt.
1042 554 1222 594 quaeres
1238 542 1285 581 ad
1303 542 1570 582 resistendum
1590 549 1610 582 6

117 612 186 640 eos
216 606 256 639 et
284 600 330 639 ad
353 599 636 651 capessendam
658 611 831 651 pugnam
855 599 1043 652 inpediit,
1076 599 1183 651 quod
1205 612 1286 639 non
1310 612 1392 638 uno
1413 601 1568 652 agmine

116 670 192 697 nec
207 657 255 697 ad
270 657 382 709 signa
404 658 635 710 frequentes
657 657 879 702 veniebant.
902 657 1035 697 eadem
1058 670 1221 709 magnae
1244 657 1345 709 parti
1366 657 1414 697 ad
1437 660 1566 710 fugam

116 715 232 755 saluti
260 715 354 756 fuit:
387 715 512 767 sparsi
546 715 649 755 enim
681 722 763 755 toto
795 716 941 768 passim
971 727 1110 767 campo
1134 728 1175 754 se
1197 715 1462 759 diffuderunt.
1497 730 1570 757 nec
1590 724 1608 756 7

115 785 282 826 usquam
318 773 518 813 confertos
550 785 616 812 eos
646 773 772 812 hostis
802 773 1074 813 circumvenit.
1124 780 1255 812 tamen
1289 773 1334 813 ad
1359 773 1567 814 duodecim

116 831 222 871 milia
243 837 340 871 sunt
360 844 470 871 caesa
485 862 494 878 ,
516 837 628 883 capta
650 831 742 882 plus
764 832 943 883 quinque
964 831 1069 870 milia
1092 831 1323 878 bominum,
1356 832 1447 883 equi
1470 844 1568 884 qua-

116 889 332 942 dringenti,
355 889 467 941 signa
485 888 668 928 militaria
686 890 888 941 sexaginta
906 889 997 928 duo.
1030 889 1097 941 qui
1114 888 1232 941 palati
1250 902 1269 928 e
1290 890 1382 940 suga
1406 890 1567 930 domum
1589 897 1608 930 8

116 959 158 987 se
190 946 438 999 recipiebant
467 946 633 986 alterum
661 958 802 998 agmen
827 945 1112 986 Celtiberorum
1138 946 1379 986 venientium
1401 947 1567 987 deditio-

114 1017 206 1044 nem
231 1004 464 1045 Contrebiae
495 1011 533 1044 et
563 1017 672 1044 suam
696 1005 845 1044 cladem
869 1005 1066 1044 narrando
1088 1010 1328 1044 averterunt.
1371 1006 1566 1058 extemplo

114 1062 156 1101 in
179 1062 286 1102 vicos
308 1062 545 1115 castellaque
567 1075 637 1102 sua
659 1074 798 1101 omnes
821 1062 974 1114 dilapsi.
1014 1062 1177 1102 Flaccus
1200 1075 1217 1101 a
1242 1062 1451 1102 Contrebia
1474 1076 1569 1115 pro·
1589 1072 1609 1103 9

114 1120 242 1160 fectus
259 1132 332 1173 per
346 1117 596 1161 Celtiberiam
614 1120 923 1172 populabundus
940 1120 1049 1159 ducit
1065 1119 1244 1171 legiones
1266 1121 1386 1160 multa
1412 1121 1566 1161 castella

115 1177 409 1230 obpugnando‚
451 1178 577 1218 donec
616 1177 781 1217 maxima
812 1190 904 1230 pars
936 1177 1222 1217 Celtiberorum
1254 1178 1293 1217 in
1327 1178 1568 1219 deditionem

113 1236 233 1275 venit.
283 1236 382 1276 haec
412 1236 454 1275 in
486 1235 668 1275 citeriore
702 1235 891 1287 Hispania
923 1248 968 1275 eo
999 1248 1103 1275 anno
1135 1242 1255 1286 gesta.
1304 1236 1344 1275 in
1377 1237 1565 1277 ulteriore
1578 1240 1629 1278 34

112 1292 283 1334 Manlius
303 1299 465 1346 praetor
486 1293 660 1333 secunda
683 1293 833 1345 aliquot
854 1293 1003 1345 proelia
1026 1306 1116 1333 cum
1139 1293 1337 1333 Lusitanis
1359 1295 1464 1334 fecit.

228 1351 406 1404 Aquileia
433 1351 587 1391 colonia
610 1351 747 1391 Latina
770 1351 907 1391 eodem
931 1364 1035 1391 auno
1060 1351 1099 1390 in
1121 1364 1260 1403 agrum
1284 1352 1485 1392 Gallorum
1509 1360 1566 1393 est
1587 1363 1606 1395 2

113 1408 293 1449 deducta.
323 1409 398 1449 tria
414 1409 519 1448 milia
537 1410 714 1462 peditum
732 1409 1015 1461 quinquagena
1032 1410 1180 1460 iugera,
1199 1410 1456 1450 centuriones
1471 1424 1566 1450 cen-

113 1486 134 1530 §
155 1488 226 1530 127,
245 1490 255 1521 1
273 1502 280 1526 ;
306 1498 366 1521 zur
384 1487 494 1521 Sacbe
508 1490 563 1529 23,
581 1490 633 1531 19,
646 1490 676 1522 4.
691 1508 735 1513 --
751 1491 805 1520 in-

115 1533 220 1575 trod„
245 1533 315 1578 vgl.
342 1545 370 1567 c.
398 1535 452 1575 25,
475 1537 502 1567 1.

161 1581 260 1614 4—9.
287 1591 309 1613 α
341 1579 464 1622 domo,
502 1579 607 1613 findet
643 1579 715 1612 sich
748 1580 804 1613 bei

113 1625 147 1658 L.
174 1625 303 1659 ebenso
328 1626 395 1659 wie
421 1626 546 1668 domo,
578 1626 697 1659 wtirde
725 1627 806 1659 aber

876 1499 1011 1531 campo.
1049 1507 1094 1512 ——
1130 1489 1277 1521 dundee.
1310 1499 1367 1522 m..
1402 1500 1429 1522 r.
1464 1491 1518 1525 32,
1545 1492 1564 1524 6

876 1534 982 1567 sehon
1025 1536 1154 1571 230002
1198 1534 1471 1577 Uebertreibung
1508 1535 1566 1568 der

875 1581 1098 1614 Anualisten:
1127 1581 1270 1624 Appian.
1297 1591 1322 1614 5.
1351 1592 1392 1613 zu
1420 1592 1447 1614 c.
1468 1583 1564 1617 30.1.

876 1627 979 1660 weiss
1008 1638 1070 1660 nur
1095 1637 1161 1659 von
1189 1627 1282 1660 einer
1308 1627 1469 1660 Schlaclit
1505 1628 1564 1660 (les

110 1671 187 1705 bier
241 1672 328 1705 nach
376 1671 396 1716 ξ
431 1674 450 1706 2
503 1672 597 1705 nicht
645 1673 803 1706 vermisst
876 1673 1026 1706 Fulvius.
1053 1693 1098 1697 —-
1123 1674 1267 1707 homin..
1301 1684 1328 1706 c.
1361 1675 1414 1709 32.
1442 1680 1479 1708 b:
1507 1675 1566 1707 leo-

112 1717 262 1752 werden.
299 1738 345 1742 —
383 1729 463 1751 cum
499 1738 545 1742 ——
580 1720 643 1751 nbi
669 1730 725 1761 pr.
763 1738 803 1742 —-
874 1722 1004 1759 Ἶςίίιινη·
1030 1721 1083 1754 352.
1104 1721 1145 1753 47
1185 1722 1214 1753 ὃ.
1242 1739 1286 1743 —
1312 1731 1329 1751 e
1352 1718 1460 1762 litga,
1497 1731 1565 1753 von

109 1768 236 1807 postq„
271 1775 296 1798 5.
332 1765 386 1807 38,
413 1766 467 1807 22,
493 1767 521 1798 1.
547 1784 593 1789 —
619 1764 667 1797 ad
688 1767 803 1798 resist.
876 1765 934 1799 der
959 1766 1006 1798 Fl.
1035 1776 1111 1803 ;,1115
1144 1766 1204 1798 auf
1227 1766 1256 1799 d
1286 1766 1345 1800 Fl..
1373 1768 1425 1802 39.
1442 1769 1495 1801 22.ss
1513 1770 1564 1802 lu

109 1828 157 1834 —
180 1810 312 1854 inped„
337 1821 364 1845 s.
392 1821 432 1844 zu
460 1812 514 1850 33,
534 1813 566 1845 6.
586 1813 623 1848 7:
648 1813 748 1853 413,
772 1813 802 1845 2.
876 1822 921 1848 vg
907 1811 944 1844 r.l
972 1813 1026 1846 22
1041 1815 1095 1847 55
1110 1815 1140 1846 4.
1162 1832 1204 1836 —
1225 1813 1480 1855 oppugnando,
1507 1813 1565 1846 dei

111 1875 158 1880 —-—
173 1867 247 1889 non
263 1867 335 1890 uno
362 1861 439 1899 etc,
465 1857 514 1891 sie
531 1856 685 1890 bildeten
711 1858 804 1890 meb-

111 1912 185 1936 rere
215 1902 325 1946 Ziige,
363 1903 433 1937 und
463 1903 498 1936 in
531 1903 650 1937 diesen
688 1914 801 1937 waren

108 1957 176 1982 nur
205 1949 341 1992 wenige
373 1949 428 1983 bei
462 1949 527 1982 den
552 1949 710 1987 Fabnem
745 1949 804 1984 der

110 2003 220 2038 ganze
253 1994 416 2029 Gedanke
448 1995 545 2038 quod
577 1998 642 2029 etc.
675 1995 800 2029 erklari

109 2051 205 2083 quae
226 2052 294 2075 res.
319 2061 365 2066 ——
390 2042 438 2075 ad
459 2040 540 2084 fug.
577 2042 619 2075 151
657 2053 724 2075 von
748 2054 804 2075 sa-

113 2086 182 2119 luti
204 2085 279 2126 fuit
302 2087 368 2120 wie
393 2098 461 2121 von
488 2088 597 2121 einem
619 2087 802 2130 Adjectiv.,

110 2132 227 2175 utilis,
273 2137 510 2177 opportunus,
556 2134 729 2177 abh'angig
769 2146 801 2167 u.

111 2178 218 2212 durch
259 2179 320 2213 das
360 2179 502 2213 letztere
544 2179 701 2222 zugleich
744 2180 802 2213 der

110 2223 231 2268 Ersolg
249 2225 483 2267 ,bezeichnen
521 2227 607 2267 (war
638 2226 800 2263 niitzlich.

110 2271 174 2304 bot
197 2271 436 2315 Gelegenheit)
468 2282 527 2305 zur
553 2271 673 2305 Flucht
701 2283 733 2305 u.
762 2283 799 2305 so

111 2327 171 2350 zur
194 2316 358 2362 Rettung,
384 2318 452 2361 vgl.
480 2320 511 2359 5,
531 2319 585 2359 38,
607 2319 643 2351 2:
678 2329 719 2350 ea
744 2329 801 2350 res

109 2381 156 2386 --
180 2373 254 2396 una
276 2363 374 2397 salus
395 2363 620 2407 fugientibus
643 2363 727 2404 f'ue‘t.
752 2384 796 2389 ——

108 2411 228 2452 sparsi
257 2409 291 2442 in
325 2409 444 2454 Bezug
482 2410 542 2444 auf
571 2410 799 2452 diffuderunt

110 2454 321 2499 proteptisch
350 2455 421 2490 und
445 2456 695 2500 tautologisch‚
726 2456 794 2499 vgl.

112 2503 167 2543 35,
182 2503 237 2543 30,
253 2503 289 2536 8:
315 2503 582 2535 multitudinem
600 2506 672 2536 loto
697 2513 798 2546 spat·-

110 2557 185 2580 sam
209 2549 342 2590 vagari
366 2548 486 2589 saltem
512 2551 565 2590 37,
592 2551 645 2590 20,
673 2553 709 2584 5:
745 2549 797 2581 de·-

73 2606 75 2609 ’
111 2592 204 2636 lapsi
233 2597 445 2637 sparserant
477 2605 513 2627 se
555 2598 626 2628 toto
664 2597 796 2639 passim

874 1837 1287 1891 ,411111050011111111110
1306 1859 1354 1892 011
1374 1859 1429 1891 bei
1445 1860 1488 1892 L..
1509 1870 1563 1891 wo

874 1905 961 1937 auch
977 1905 1035 1937 das
1050 1905 1168 1948 partic.
1185 1916 1283 1948 praes
1314 1905 1434 1938 51011011
1458 1905 1567 1938 kunn-

875 1955 919 1985 to,
938 1961 963 1984 5.
980 1952 1011 1990 2,
1027 1953 1080 1989 32,
1097 1953 1135 1987 4;
1152 1954 1206 1987 39.
1222 1953 1276 1988 32.
1297 1955 1353 1985 10:
1382 1952 1468 1984 auch
1493 1952 1566 1984 11101·

873 2001 1033 2030 erwartet
1060 2007 1138 2030 man
1165 1997 1420 2040 eoepugnando.
1447 2017 1488 2022 —
1514 1998 1567 2036 fe-

876 2045 934 2078 eit.
961 2054 987 2076 c.
1018 2045 1070 2083 16,
1086 2045 1407 2081 8:34,13234.19.
1423 2045 1453 2077 2.

918 2087 980 2124 34.
1006 2089 1273 2126 Eiurichtuntren
1296 2090 1363 2122 und
1383 2089 1564 2133 Vorgiinge

874 2135 1463 2177 11130111.Υεί..“113τ(.2,5,1.-

919 2183 1018 2215 2—3.
1046 2183 1177 2225 -.alqml
1209 2184 1262 2220 39
1285 2185 1337 2217 55.
1367 2202 1406 2206 -
1434 2193 1564 2223 agrum

875 2226 924 2269 G.,
950 2233 991 2261 st.
1011 2228 1071 2261 des
1097 2228 1146 2261 hs.
1174 2239 1264 2271 agm
1286 2229 1336 2265 G
1362 2229 1402 2261 da
1429 2229 1481 2260 di«
1501 2228 1563 2260 Co-

872 2273 963 2306 lonie
998 2279 1064 2307 0151
1092 2274 1197 2307 (luicb
1224 2275 1277 2307 (110
1304 2274 1463 2307 deductio
1490 2280 1563 2307 0111-

872 2320 962 2353 510111
989 2320 1058 2354 und
1084 2321 1168 2353 nach
1194 2321 1302 2353 dem
1295 2321 1425 2358 sonstif..
1414 2330 1472 2353 011
1498 2320 1562 2353 (Je-

867 2365 1016 2399 brauche
1032 2367 1080 2399 Ls
1086 2394 1091 2399 .
1107 2386 1151 2390 —
1168 2366 1312 2407 Gallon,
1330 2366 1423 2399 diese
1442 2367 1561 2399 hatten

868 2410 927 2444 das
952 2412 1045 2445 Laud
1076 2424 1136 2445 nur
1160 2412 1443 2454 voriibergeliend
1469 2413 1558 2454 inne,

921 2459 974 2499 39,
988 2461 1050 2495 45;
1066 2461 1126 2496 54ς
1153 2469 1234 2491 sons
1240 2462 1249 2490 t
1269 2458 1340 2501 gibt
1360 2458 1392 2491 L.
1420 2458 1559 2491 (1101111-

868 2472 974 2536 lieren
988 2503 1142 2537 Besitzer
1159 2514 1308 2546 genauer
1325 2507 1492 2547 311,3’.4,
1503 2507 1558 2546 45,

869 2552 906 2584 4.
930 2551 1105 2589 3757&
1125 2552 1314 2591 10‚1‚2u.
1341 2560 1382 2585 a..
1397 2519 1476 2594 bvgl.
1503 2554 1558 2588 41.

873 2597 953 2632 13.
939 2607 968 2628 o.
987 2615 1027 2619 —-
1044 2598 1115 2628 ἰνία
1140 2596 1225 2637 mil„
1252 2596 1305 2629 die
1331 2607 1449 2639 grosse
1476 2597 1559 2630 Zahl
