1779 2893
584 94 710 129 LIBER
735 94 885 129 XXXIX.
935 95 1029 130 CAP.
1057 98 1110 130 50.
1506 92 1583 131 101

138 113 165 150 a.
186 106 238 134 Ch.
263 106 324 133 183.
372 112 377 116 ·

135 217 273 251 vocato
305 210 522 251 consultari
548 217 748 263 coeptum.
799 211 879 252 Iam
904 211 1268 264 invesperascebat,
1299 218 1338 252 et
1368 224 1450 252 non
1473 212 1590 252 modo
1604 215 1656 252 50

135 275 288 319 cetera,
310 268 378 309 sed
400 281 451 309 ne
472 269 513 308 in
531 268 750 321 proximam
773 269 930 321 quidem
953 275 1111 309 noctem
1134 269 1200 309 ubi
1231 269 1324 310 satis
1349 275 1434 310 tuto
1457 274 1592 310 custo-

137 326 310 375 diretur,
343 325 616 379 expediebant.
659 326 948 379 obstupuerant
978 327 1023 366 ad
1054 327 1370 378 magnitudinem
1400 327 1593 380 pristinae
1613 335 1633 368 2

137 384 223 424 eius
248 384 431 424 fortunae
461 384 721 436 virtutisque,
753 392 791 424 et
822 397 952 436 neque
974 384 1050 437 ipsi
1073 385 1234 424 domum
1257 385 1435 437 recipere
1458 391 1592 426 custo-

135 442 325 482 diendum
341 441 623 482 audebantnec
643 441 826 494 cuiquam
839 442 910 482 uni
922 442 1140 482 custodiam
1152 441 1238 481 eius
1255 442 1347 482 satis
1365 443 1592 483 credebant.

134 500 350 539 admonent
378 499 519 539 deinde
550 499 707 551 quidam
739 513 824 540 esse
855 500 1115 539 thensaurum
1137 499 1342 552 publicum
1372 501 1446 540 sub
1476 508 1593 549 terra,
1614 509 1634 543 3

134 569 226 597 saxo
250 557 441 609 quadrato
463 563 655 609 saeptum.
695 571 740 597 eo
764 557 919 597 vinctus
951 557 1191 605 demittitur,
1211 564 1247 597 et
1275 570 1412 598 saxum
1435 558 1591 610 ingens,

135 627 214 667 quo
237 614 429 667 operitur,
450 615 634 654 machina
657 615 1000 668 superinpositum
1023 621 1093 655 est.
1136 615 1188 654 ita
1209 615 1298 655 loco
1316 615 1450 667 potius
1473 628 1592 668 quam
1613 625 1634 657 4

132 672 286 712 homini
315 673 500 725 cuiquam
534 673 768 712 credendam
801 673 1020 713 custodiam
1051 673 1124 712 rati
1150 673 1281 712 lucem
1313 674 1592 725 insequentem

135 735 454 783 expectaverunt.
506 736 667 783 postero
699 731 760 770 die
795 730 1007 770 multitudo
1042 730 1201 782 quidem
1237 731 1404 782 integra,
1441 743 1594 770 memor
1614 740 1633 772 5

113 787 397 840 ‚pristinorum
420 788 505 827 eius
529 789 569 827 in
593 787 786 828 civitatem
809 788 1056 835 meritorum,
1079 789 1323 840 parcendum
1341 801 1385 828 ac
1408 801 1479 841 per
1502 801 1592 829 eum

132 845 307 885 remedia
322 845 547 897 quaerenda
567 859 652 886 esse
670 847 940 898 praesentium
960 845 1153 885 malorum
1177 846 1414 894 censebant3
1438 847 1506 886 sed
1525 846 1593 885 de·
1616 855 1635 887 6

133 903 318 943 sectionis
348 909 551 948 auctores,
584 916 755 956 quorum
777 904 817 943 in
840 916 958 943 manu
982 916 1044 943 res
1067 903 1224 956 publica
1254 909 1356 951 erat,
1381 904 1420 943 in
1439 909 1593 943 secreto

135 961 408 1001 consultantes
429 973 568 1001 omnes
598 962 645 1001 ad
677 974 817 1001 necem
854 962 939 1000 eius
977 961 1299 1009 consentiebant,
1332 962 1422 1008 sed,
1457 967 1594 1001 utrum

132 1024 379 1058 maturarent
398 1031 447 1058 an
471 1019 689 1067 differrent,
712 1019 995 1070 ambigebatur.
1030 1019 1119 1058 vicit
1140 1031 1231 1071 pars
1248 1019 1396 1058 avidior
1418 1031 1570 1071 poenae
1583 1031 1594 1067 ;
1614 1027 1634 1060 7

132 1075 360 1128 missusque
378 1077 446 1129 qui
461 1089 658 1116 venenum
677 1078 810 1116 ferret.
833 1082 997 1128 accepto
1014 1076 1159 1128 poculo
1179 1077 1276 1116 nihil
1293 1077 1400 1116 aliud
1415 1077 1594 1116 locutum

131 1133 268 1173 ferunt
289 1146 408 1185 quam
431 1135 648 1185 quaesisse,
671 1134 703 1173 si
726 1134 937 1173 incolumis
964 1134 1151 1186 Lycortas
1169 1157 1223 1162 --
1246 1135 1280 1173 is
1302 1134 1399 1173 alter
1421 1135 1594 1186 impera-

131 1198 196 1231 tor
216 1191 465 1231 Achaeorum
489 1198 571 1231 erat
591 1215 648 1220 —
670 1192 905 1244 equitesque
934 1191 1163 1231 evasissent.
1208 1198 1420 1244 postquam
1444 1193 1594 1232 dictum
1613 1200 1634 1234 8

134 1254 194 1289 est
213 1248 435 1289 incolumes
458 1262 566 1297 esse,
591 1248 720 1299 „bene
742 1249 885 1289 habet‘·‘
910 1249 1062 1302 inquit,
1087 1255 1124 1289 et
1152 1250 1297 1301 poculo
1321 1250 1503 1302 inpavide
1526 1262 1594 1289 ex-

720 1327 827 1361 findet
899 1339 924 1361 s.
961 1328 1049 1361 Guhl
1084 1339 1115 1361 u.
1144 1327 1257 1361 Koner
1290 1327 1351 1361 das
1386 1328 1498 1361 Lehen
1534 1327 1594 1361 der

900 1374 1032 1407 Griech.
1052 1386 1083 1407 u.
1100 1374 1196 1407 Rom.
1214 1377 1254 1408 75
1272 1374 1293 1407 f.
1308 1394 1352 1398 —
1368 1385 1458 1406 sczoeo
1475 1375 1593 1416 quad„

179 1326 242 1363 50.
282 1330 380 1362 1—4.
418 1330 674 1371 z'nvesperase..

133 1374 207 1408 sich
233 1373 326 1408 viell.
353 1384 416 1407 nur
440 1374 524 1407 hier.
542 1393 588 1398 —
607 1377 733 1416 celera,
759 1374 827 1407 wie

133 1419 185 1454 oft
206 1420 438 1464 proleptisch:
465 1420 550 1454 alles
568 1419 728 1463 Febrige.
755 1431 827 1453 was

132 1466 188 1500 bei
214 1466 274 1500 der
297 1466 571 1510 Angelegenheit
602 1466 637 1499 in
663 1465 826 1500 Betracht

132 1512 230 1551 kam;
257 1522 294 1546 es
312 1513 403 1546 steht
430 1513 464 1545 in
483 1512 651 1556 gleichem
671 1512 827 1545 Verhalt-

134 1559 206 1592 niss
231 1569 310 1592 zum
326 1558 536 1602 Hauptverb.
563 1559 630 1592 wie
657 1558 716 1591 der
742 1558 824 1601 folg.

132 1604 341 1638 Nehensatz.
376 1624 421 1628 —
453 1606 600 1648 obstnp„
634 1615 658 1638 s.
695 1607 748 1639 34.
773 1606 827 1643 27,

133 1652 172 1690 93
199 1650 248 1684 ad
271 1650 338 1684 wie
365 1652 419 1691 31,
434 1653 489 1689 37.
514 1653 571 1689 1ος
594 1662 625 1684 u.
651 1661 700 1689 o.;
728 1649 826 1684 Ovid.

132 1696 214 1730 Met.
230 1699 262 1739 5,
278 1698 362 1730 509:
389 1700 505 1730 mater·
530 1697 578 1730 ad
594 1697 738 1729 auditas
755 1700 828 1729 stn-

132 1745 216 1787 puit
230 1762 277 1766 —
299 1754 410 1776 voces.
432 1762 478 1766 —
499 1746 533 1775 et
549 1753 663 1785 neque
684 1763 729 1766 —
751 1754 826 1785 nee,

132 1790 258 1832 29,24.
276 1790 328 1831 10,
353 1789 423 1832 vgl.
451 1791 505 1831 36,
522 1791 575 1824 22.
604 1792 661 1822 10:
689 1792 723 1821 et
747 1800 826 1822 cum

131 1855 177 1860 —
203 1838 287 1868 tum.
304 1855 350 1859 —
375 1837 468 1878 cuiq.
494 1837 570 1877 uni,
596 1835 690 1868 nicht
716 1835 826 1868 einem

131 1881 331 1923 Einzelnen,
345 1881 466 1924 irgend
482 1881 594 1915 einem
609 1881 662 1914 fur
676 1881 750 1914 sich
766 1892 825 1915 vor

133 1927 187 1962 od.
215 1927 445 1971 abgesondert
479 1938 546 1961 von
578 1927 643 1961 den
669 1927 824 1971 sibrigen.

133 1984 159 2008 s.
175 1976 207 2015 3,
221 1975 276 2015 45,
291 1976 329 2014 43
349 1973 394 2007 ib.
411 1976 465 2015 55,
484 1975 543 2009 15:
559 1975 613 2015 32,
629 1975 682 2015 20,
699 1976 735 2011 7;
755 1974 824 2017 vgl.

133 2021 189 2061 38,
203 2022 258 2060 50.
274 2021 314 2054 8:
349 2019 404 2063 §4
430 2021 522 2052 hom.
551 2022 730 2063 cuiquam,
755 2020 824 2062 vgl.

132 2067 258 2106 45.15‚
273 2067 310 2103 3;
326 2068 358 2107 4,
376 2067 428 2107 11,
442 2069 474 2108 4,
508 2066 588 2099 weil
622 2077 730 2108 quam
759 2070 823 2099 etc.

134 2111 210 2145 eine
221 2111 394 2154 Negation
405 2111 634 2145 einschliesst.
646 2132 690 2136 -—
702 2113 826 2153 them„

134 2157 825 2200 6,14,11;29,1S,8;31,1·2,12Plut.

133 2214 160 2237 c.
184 2204 242 2238 19:
263 2201 468 2250 Θησαυρὸν,
486 2203 617 2247 οἴκημα
633 2201 828 2249 κατάγειον

133 2246 216 2283 οὔτε
241 2249 387 2303 πνεῦμα
412 2247 601 2293 λαμβάνον
635 2246 718 2282 οὔτε
751 2249 829 2295 φῶς

132 2294 280 2336 ἔξωθεν
303 2307 387 2328 ovu-
405 2293 525 2341 θύρας
542 2296 636 2337 ὲζχον,
661 2293 748 2328 ἀλλὰ
767 2308 826 2338 με·

131 2338 232 2389 γάλῳ
274 2339 372 2384 λίθῳ
415 2343 671 2387 περια·ομε’νῳ
717 2354 826 2374 κατα-

132 2385 362 2432 κλειόμενον,
405 2388 514 2421 ἐνταῦ
553 2401 575 2420 α
609 2386 825 2427 κατέθεντο,

133 2434 270 2468 Ξὼῃὶίοὴ
296 2434 374 2467 dem
398 2433 595 2468 Tullianum
620 2434 655 2467 in
672 2433 770 2468 Rom.
798 2444 822 2467 s.

135 2482 234 2524 1,33,
257 2482 288 2522 8,
314 2480 370 2513 ein
395 2479 710 2524 spitzzulausender
735 2480 824 2514 oben

132 2536 196 2560 nur
219 2526 282 2560 mit
307 2526 401 2559 einer
422 2524 593 2569 Oeffnung
617 2526 826 2559 versehener

133 2570 317 2612 Steinbau3
333 2571 450 2606 solche
460 2571 670 2615 Thesauren,
685 2571 826 2605 Schatz-

131 2617 267 2660 hausen
292 2618 430 2652 werden
456 2618 632 2651 mehrsach
657 2618 824 2653 erwahnt.

905 1423 930 1455 1.
947 1422 1070 1461 26,14.
1096 1440 1142 1444 —
1168 1431 1236 1463 quo
1263 1431 1371 1463 oper„
1407 1420 1466 1453 der
1496 1419 1594 1453 Stein

900 1466 984 1499 wird
1005 1466 1194 1507 jedesmal.
1220 1476 1321 1499 wenn
1348 1466 1406 1499 der
1431 1466 1594 1499 Behalter

899 1512 1123 1555 geschlossen
1142 1512 1281 1545 werden
1300 1512 1376 1554 soll,
1399 1512 1521 1545 darauf
1536 1522 1595 1556 ge-

898 1558 987 1601 legt;
1015 1558 1097 1592 oder
1115 1559 1175 1592 das
1194 1557 1287 1591 Pras.
1314 1558 1357 1591 ist
1382 1569 1449 1591 von
1468 1558 1592 1602 Polyb.

899 1605 1064 1638 entlehnt.
1083 1624 1129 1629 —-
1148 1605 1325 1646 maehina,
1348 1604 1464 1642 Hebel.
1484 1604 1595 1637 Hebe-

898 1651 1089 1691 maschine,
1125 1651 1194 1694 vgl.
1230 1650 1339 1683 Plut.:
1379 1648 1446 1683 τὸν
1483 1648 1595 1684 λίθον

898 1693 1163 1742 ἐπιῤῥάξαντες
1187 1693 1322 1741 ἄνδρας
1340 1693 1517 1730 ἐνόπλοις
1535 1693 1593 1730 κί’-

897 1741 972 1785 κλῳ
988 1745 1244 1788 περιέστησαν.
1261 1763 1305 1767 -
1318 1746 1524 1786 super-imp„
1539 1745 1593 1782 21.

902 1791 928 1824 1.
945 1792 975 1822 5.

945 1837 1045 1870 5—8.
1083 1838 1245 1877 integra,
1281 1846 1306 1867 s,
1335 1836 1366 1870 9.
1390 1836 1444 1869 46,
1470 1836 1523 1869 13.
1550 1854 1594 1858 -—

896 1892 1041 1923 memor,
1070 1892 1094 1914 s.
1111 1891 1152 1913 zu
1168 1892 1195 1913 c.
1212 1883 1268 1915 49.
1288 1882 1337 1914 11.
1349 1901 1394 1904 —
1407 1881 1594 1913 remed.—

894 1939 1011 1971 praes.
1030 1927 1125 1968 mal„
1152 1927 1317 1960 zunachst
1336 1927 1380 1959 ist
1400 1926 1459 1959 der
1476 1926 1594 1959 Absall

896 1985 965 2007 von
980 1974 1045 2006 den
1059 1973 1226 2007 Achaern.
1246 1973 1328 2006 aber
1353 1973 1439 2005 auch
1454 1973 1524 2005 wol
1539 1972 1594 2005 die

896 2019 1094 2053 Herrschast
1131 2019 1189 2052 der
1217 2018 1458 2052 Aristokraten
1494 2022 1595 2061 (quo-

896 2077 978 2099 rum
988 2085 1032 2090 -
1045 2069 1150 2098 erant
1163 2066 1208 2098 im
1220 2065 1331 2107 Folg.)
1347 2065 1509 2107 geme-int,
1523 2064 1593 2107 vgl.

898 2112 1020 2156 Polyb.
1038 2114 1093 2148 24.
1119 2114 1170 2145 12.
1196 2131 1241 2136 —
1268 2111 1316 2144 ad
1339 2122 1412 2144 nec.
1441 2122 1467 2143 e.
1495 2121 1590 2143 cons.

899 2169 924 2191 s.
952 2160 984 2193 4.
1006 2160 1115 2193 354:
1138 2159 1193 2192 27.
1208 2160 1239 2200 9,
1260 2160 1317 2194 14:
1341 2159 1394 2193 36.
1410 2160 1464 2206 40.
1485 2158 1533 2190 10.
1548 2176 1595 2181 —

897 2215 1038 2247 —pars
1052 2215 1106 2237 av.
1120 2215 1167 2247 p.,
1181 2203 1271 2237 Plut.
1289 2214 1315 2236 c.
1333 2205 1393 2236 21:
1413 2198 1512 2236 ὅσοις
1526 2203 1596 2246 μὲν

899 2246 1043 2282 ἀνελεῖν
1068 2246 1179 2289 ἔδοξε.
1205 2269 1251 2273 —-
1275 2248 1401 2290 ferret,
1427 2251 1480 2281 23.
1505 2251 1593 2288 9.5;

899 2298 930 2330 6.
947 2297 978 2335 3,
994 2297 1023 2329 2.
1057 2315 1102 2320 -
1137 2296 1294 2328 locutum
1329 2314 1373 2319 —
1406 2297 1594 2337 quaesisse,

898 2341 967 2384 vgl.
995 2352 1022 2375 c.
1050 2342 1197 2377 51.Sf.;
1228 2344 1255 2375 1.
1280 2344 1334 2377 45.
1358 2343 1396 2374 6:
1431 2340 1595 2383 adloqui-

900 2391 958 2420 tm·
976 2407 1018 2411 —
1038 2390 1166 2430 inquit.
1180 2407 1225 2411 —
1242 2387 1334 2419 alter·
1351 2389 1433 2429 imp.
1459 2386 1503 2419 ist
1523 2386 1593 2420 wol

897 2443 1095 2476 ungenauer
1108 2432 1291 2466 Ausdruck
1310 2436 1391 2466 statt
1406 2432 1591 2476 Hipparch,

897 2479 938 2512 da
965 2479 1018 2512 die
1043 2479 1178 2512 Achaer
1210 2478 1339 2512 bereits
1374 2478 1438 2512 seit
1473 2478 1592 2522 langer

897 2525 969 2558 Zeit
1005 2525 1042 2558 ei
1057 2535 1136 2558 nen
1163 2524 1347 2568 Strategen
1384 2525 1523 2560 hatten.
1564 2536 1590 2558 s.

896 2570 968 2604 Pol.
997 2573 1028 2607 2.
1044 2573 1106 2608 432
1134 2570 1257 2605 Strabo
1276 2573 1308 2611 8,
1325 2574 1355 2607 7.
1370 2572 1389 2605 3
1408 2582 1443 2615 p*⁴
1457 2572 1535 2605 385.
1547 2590 1592 2595 —

897 2618 982 2650 bene
1008 2618 1052 2659 h„
1080 2619 1111 2652 6.
1127 2619 1234 2657 35,8:
1262 2616 1370 2651 Plut.:
1405 2617 1443 2649 εὐ
1469 2614 1591 2662 λέγεις,
