1779 2893
32 0 80 167 ξ
121 81 148 101 a.
168 75 222 103 ch.
243 76 302 103 173.
563 64 688 98 LIBER
712 64 878 99 XXXXII.
925 64 1020 99 CAP.
1048 67 1080 99 7.
1106 67 1139 99 8.
1534 63 1583 102 71

32 167 56 216 f
125 183 179 223 ita
199 189 244 223 ut
274 189 417 223 neutro
439 182 651 223 inclinaret
675 194 778 236 spes.
831 183 936 236 quod
958 182 1027 222 ubi
1059 183 1201 222 consul
1230 184 1326 223 vidit
1349 182 1456 223 nulla
1477 190 1589 237 parte
1609 190 1629 224 6

124 240 274 281 moveri
297 240 490 293 Ligurum
511 241 639 292 signa,
664 241 833 294 imperat
855 241 1071 294 equitibuS‚
1094 247 1138 281 ut
1161 254 1286 295 equos
1317 243 1589 282 conscendant

126 312 171 339 ac
201 299 330 339 tribus
362 299 480 339 simul
509 299 689 352 partibus
720 300 759 339 in
792 300 937 348 hostis,
971 305 1121 352 quanto
1144 300 1315 339 maximo
1338 306 1504 353 possent
1523 306 1587 340 tu-

124 357 268 406 multu,
288 357 508 397 incurrant.
549 370 641 410 pars
667 370 810 410 magna
833 358 1013 410 equitum
1034 357 1205 397 mediam
1227 358 1382 398 traiecit
1404 358 1527 398 aciem
1553 365 1591 398 et
1611 365 1629 397 7

125 416 174 456 ad
204 420 315 466 terga
346 414 611 468 pugnantium
642 416 826 468 pervasit.
877 416 969 456 inde
1000 422 1130 455 terror
1159 416 1329 455 iniectus
1351 416 1587 468 Liguribu53

124 472 267 515 diversi
306 472 346 512 in
379 485 517 512 omnes
547 480 682 526 partes
712 475 925 525 sugerunt,
957 474 1147 527 perpauci
1169 480 1276 513 retro
1308 474 1349 513 in
1382 475 1588 528 oppidum,
1611 479 1629 512 8

125 531 218 585 quia
247 530 341 570 inde
372 543 413 570 se
445 531 615 571 maxime
647 532 845 572 obiecerat
878 544 1011 585 eques.
1071 539 1109 571 et
1139 544 1273 584 pugna
1304 538 1383 572 tam
1407 533 1589 585 pervicax

123 588 271 630 multos
292 587 567 642 absumpserat
591 589 783 642 Ligurum
799 621 808 638 ,
833 596 871 630 et
894 591 934 629 in
957 591 1049 642 fuga
1072 589 1218 642 passim
1244 590 1346 629 caesi
1370 597 1478 630 sunt.
1521 591 1588 630 de·
1610 597 1630 629 9

124 660 211 688 cem
226 646 334 686 milia
349 647 559 687 hominum
578 660 690 688 caesa
709 649 936 696 traduntur,
959 648 1130 701 amplius
1151 648 1394 701 septingenti
1413 648 1587 701 [passim]

125 706 244 759 capti,
267 705 379 756 signa
400 705 585 746 militaria
607 706 726 746 relata
751 706 952 757 octoginta
975 707 1066 746 duo.
1104 719 1169 745 nec
1191 706 1402 746 incruenta
1425 707 1589 746 victoria
1607 712 1644 744 10

122 764 199 804 fuit
210 776 221 814 ;
253 763 424 816 amplius
454 764 527 804 tria
558 764 664 804 milia
697 764 866 805 militum
890 765 1045 810 amissa,
1068 776 1158 804 cum
1181 764 1415 804 cedentibus
1438 765 1590 804 neutris

123 834 171 862 ex
192 827 306 875 parte
327 829 496 875 utraque
518 822 714 875 primores
737 823 937 862 caderent.

239 879 335 920 Post
350 880 454 919 hanc
471 893 649 933 pugnam
667 894 713 920 ex
735 881 884 920 diversa
908 881 998 932 suga
1023 881 1061 919 in
1086 893 1211 920 unum
1235 880 1390 920 collecti
1407 879 1588 932 Ligures,
1613 882 1637 919 8

124 950 215 978 cum
255 938 447 978 maiorem
489 939 616 978 multo
656 947 808 992 partem
840 939 984 978 civium
1015 939 1198 978 amissam
1231 951 1347 990 quam
1379 951 1590 991 superesse

124 1003 338 1036 cernerent
359 1019 414 1024 —-
438 1009 511 1036 nec
534 997 639 1036 enim
662 997 754 1050 plus
776 998 911 1037 decem
932 996 1040 1036 milia
1063 997 1272 1036 hominum
1296 1002 1407 1036 erant
1430 1019 1498 1042 —,
1521 996 1588 1035 de-

123 1053 309 1094 diderunt
339 1066 450 1102 sese,
483 1054 582 1094 nihil
617 1055 777 1108 quidem
809 1054 864 1094 illi
895 1055 1019 1107 pacti3
1061 1061 1316 1107 speraverant
1347 1061 1478 1094 tamen
1512 1067 1590 1094 non
1610 1061 1629 1093 2

122 1112 298 1152 atrocius
314 1124 433 1165 quam
450 1113 679 1165 superiores
695 1113 957 1165 imperatores
980 1112 1186 1152 consulem
1210 1113 1248 1151 in
1273 1125 1313 1151 se
1336 1112 1588 1152 saeviturum.

122 1176 161 1210 at
189 1170 256 1210 ille
287 1183 393 1210 arma
425 1170 613 1210 omnibus
644 1171 810 1217 ademit,
852 1171 1044 1223 oppidum
1077 1170 1221 1217 «lirun,
1264 1170 1372 1222 ipsos
1403 1170 1589 1223 bonaque
1611 1177 1630 1210 3

123 1240 262 1268 eorum
292 1227 488 1276 vendidit3
521 1228 753 1282 litterasque
783 1229 938 1268 senatui
970 1229 1017 1268 de
1047 1228 1168 1267 rebus
1192 1228 1239 1267 ab
1264 1240 1304 1267 se
1327 1228 1447 1279 gestis
1469 1228 1588 1267 misit.

122 1299 221 1340 quas
250 1298 342 1326 cum
374 1287 418 1325 A.
442 1285 585 1326 Atilius
616 1293 777 1339 praetor
808 1287 848 1326 iu
882 1287 990 1326 curia
1021 1286 1221 1326 recitasset
1246 1310 1301 1314 —
1327 1298 1417 1326 nam
1447 1285 1588 1326 consul
1610 1294 1628 1325 4

121 1344 220 1385 alter
249 1343 480 1384 Postumius
519 1345 623 1396 agris
663 1345 1000 1397 recognoscendis
1040 1345 1077 1383 in
1111 1343 1325 1397 Campania
1370 1351 1589 1397 occupatus

121 1402 257 1444 aberat
279 1426 347 1449 —,
370 1408 480 1442 atrox
501 1415 564 1442 res
587 1403 667 1442 visa
690 1403 857 1451 senatui,
883 1402 1119 1444 Statellates.
1143 1403 1208 1455 qui
1233 1403 1303 1441 uni
1327 1415 1372 1442 ex
1395 1402 1589 1454 Ligurum
1611 1410 1629 1442 5

121 1467 240 1513 gente
272 1473 354 1499 non
387 1459 569 1500 tulissent
600 1473 706 1501 arma
739 1462 927 1501 adversus
952 1460 1176 1508 Romanos,
1209 1468 1291 1499 tuin
1323 1473 1482 1513 quoque
1515 1473 1588 1513 op-

123 1524 345 1572 pugnatos,
378 1530 460 1557 non
494 1518 599 1558 ultro
632 1519 841 1559 inferentis
863 1519 1035 1565 bellum,
1068 1518 1222 1558 deditos
1244 1519 1284 1557 in
1306 1518 1426 1558 fidem
1450 1518 1590 1571 populi

121 1576 292 1617 Romani
324 1576 433 1615 omni
465 1576 628 1616 ultimae
660 1577 907 1617 crudelitatis
936 1577 1117 1630 exemplo
1150 1576 1342 1616 laceratos
1372 1589 1416 1616 ac
1439 1576 1590 1616 deletos

123 1668 179 1708 31,
205 1668 237 1708 9,
263 1667 376 1710 ngc.
405 1669 460 1707 51,
486 1669 516 1701 3.
544 1679 680 1711 —spes
695 1680 726 1702 n.
746 1670 821 1700 vin-

123 1713 239 1754 cendi,
266 1716 351 1746 statt
376 1715 542 1747 victor-ia.

169 1761 295 1794 6-10.
321 1759 419 1802 quod
442 1761 520 1800 ubi,
557 1761 612 1802 24,
642 1763 692 1802 15,
721 1764 751 1795 5.
778 1781 821 1786 —-

122 1808 540 1850 possent-incurrant,
575 1817 602 1840 s.
638 1817 666 1840 c.
696 1808 751 1845 23,
784 1810 820 1841 4:

123 1854 180 1894 40,
206 1854 261 1894 40,
289 1855 328 1892 4;
366 1854 420 1895 24,
447 1854 502 1895 28,
528 1855 567 1891 ῖς
601 1855 656 1896 45,
683 1855 738 1896 44,
771 1855 820 1887 12.

123 1918 168 1924 -
194 1899 330 1932 diversi
353 1901 377 1932 i.
406 1910 438 1932 o.
464 1910 512 1942 p.,
538 1901 593 1941 40,
620 1901 675 1943 32,
701 1901 737 1939 6;
766 1903 822 1942 44,

125 1948 158 1988 ’7,
186 1947 216 1979 1.
242 1964 287 1970 ——
311 1948 478 1989 septing„
503 1945 557 1979 die
572 1945 655 1979 Zahl
676 1946 719 1979 ist
745 1946 823 1980 sehr

125 1991 259 2036 gering,
285 1991 355 2025 und
381 1991 424 2025 da
450 2002 478 2026 c.
495 1993 527 2033 8,
546 1994 559 2026 1
581 1992 624 2025 im
641 1993 820 2036 Vergleich

124 2038 188 2072 mit
205 2040 316 2073 10000
331 2037 386 2071 die
401 2038 472 2072 hier
493 2038 693 2073 erwahnten
713 2042 822 2074 10700

124 2084 238 2118 multo
262 2086 383 2119 maior
406 2095 494 2127 pars
507 2090 658 2128 genannt
673 2086 824 2126 werden,

126 2131 196 2164 wol
221 2130 476 2164 verschrieben.
503 2149 547 2155 —
560 2133 749 2173 primores,
769 2131 823 2166 die

126 2180 253 2218 ersten,
266 2176 541 2221 angesehensten
556 2187 588 2210 u.
600 2177 823 2222 tt'ichtigsten,

127 2234 154 2259 s.
181 2226 212 2266 7,
239 2225 271 2265 8,
300 2226 336 2261 13
363 2224 396 2266 2,
422 2225 477 2265 46,
504 2225 536 2257 4.

174 2270 210 2306 8.
248 2271 346 2304 1—3.
379 2269 522 2302 diversa
546 2268 585 2309 Ῑῖ,
621 2271 676 2310 31,
702 2271 756 2309 42,
783 2272 821 2308 9;

128 2318 184 2359 38,
199 2318 255 2359 27,
277 2317 309 2350 8.
333 2335 380 2341 ——
405 2316 478 2349 dec.
506 2316 595 2358 mil„
619 2316 823 2350 schwerlich

128 2363 205 2396 sind
214 2363 343 2397 Frauen
353 2362 423 2396 und
434 2361 561 2396 Kinder
570 2362 604 2395 in
615 2361 675 2395 der
685 2361 825 2396 Summe

127 2408 306 2453 begrifien,
330 2408 400 2453 vgl.
415 2411 471 2449 40,
487 2410 541 2449 38,
567 2411 577 2442 l
594 2423 600 2448 ;
617 2411 647 2442 6.
674 2429 719 2432 —
733 2409 827 2441 nihil

128 2454 827 2545 {ezacbzgdpgnggcssn‹liessetltxgffiggtgzffi

131 2547 314 2593 gesichert,
339 2550 408 2590 s.7,
423 2549 478 2590 27,
497 2550 516 2583 8
531 2548 553 2581 f.
579 2567 623 2572 —
639 2548 703 2588 illi,
720 2550 751 2589 2,
769 2549 824 2588 24,

130 2599 163 2631 4,
189 2616 233 2621 -
258 2596 451 2638 superiora,
483 2595 537 2629 die
567 2594 675 2628 selbst
701 2594 823 2637 denen,

894 1667 1026 1701 welche
1051 1667 1118 1700 den
1145 1666 1246 1710 Krieg
1273 1666 1502 1711 angesangen,
1529 1666 1589 1700 Le·

894 1715 958 1747 ben
986 1713 1054 1746 und
1081 1714 1227 1747 Freilieit
1256 1713 1421 1754 erhalten,
1449 1723 1512 1746 nur
1537 1712 1590 1745 Ei-

894 1761 984 1804 nige,
1012 1771 1038 1793 s.
1066 1762 1119 1799 40,
1148 1761 1202 1800 38,
1219 1759 1437 1803 weggefiilirt
1461 1759 1590 1792 hatten.

893 1827 937 1831 —
952 1817 1055 1839 arma
1070 1807 1140 1848 ad„
1154 1809 1207 1845 40,
1228 1809 1279 1849 16,
1294 1809 1324 1839 6.
1346 1826 1386 1829 -
1403 1806 1591 1849 lium-usq„

894 1864 919 1886 s.
947 1855 1001 1891 39,
1030 1855 1060 1887 7.
1075 1856 1114 1890 6;
1142 1853 1191 1887 als
1207 1853 1248 1886 ob
1264 1863 1300 1886 er
1323 1858 1431 1886 etwas
1447 1852 1590 1886 Grosses

894 1900 1020 1944 gethan
1048 1899 1154 1933 hatte.

941 1948 1040 1980 4-6.
1075 1956 1295 1988 recognoscu,
1321 1955 1348 1978 S.
1376 1956 1403 1977 c.
1436 1947 1462 1985 1,
1489 1948 1519 1979 6.
1547 1964 1590 1968 —

895 1996 969 2025 tum
985 2003 1100 2035 quoq„
1128 2004 1155 2027 s.
1171 1994 1224 2031 36,
1241 1994 1295 2033 30,
1310 1995 1346 2025 6:
1369 1991 1433 2024 wie
1447 1991 1591 2024 niemals

894 2039 1035 2077 vorher,
1073 2049 1110 2072 so
1150 2038 1267 2071 hatten
1305 2038 1354 2071 sic
1387 2037 1473 2070 auch
1502 2038 1589 2078 jetzt

895 2085 987 2118 nicht
1016 2085 1069 2119 die
1099 2084 1228 2117 Waffen
1255 2094 1366 2127 gegen
1393 2083 1447 2116 die
1474 2083 1512 2116 R.
1540 2094 1590 2117 er-

895 2131 1026 2174 griffen.
1077 2131 1124 2164 lm
1161 2131 1256 2174 Folg.
1283 2130 1328 2163 ist
1361 2133 1591 2173 oppugnatos

895 2177 955 2211 des
993 2176 1215 2210 Nachdrucks
1253 2186 1374 2220 wegen
1421 2186 1591 2220 vorange-

893 2223 998 2265 stellt,
1024 2227 1086 2257 st.:
1114 2234 1185 2256 non
1200 2234 1304 2256 arma
1330 2222 1396 2262 inf.
1413 2222 1477 2254 sed
1495 2232 1590 2265 opp„

895 2270 968 2312 die,
1007 2269 1164 2313 obgleich
1210 2269 1258 2303 sie
1294 2268 1388 2302 nicht
1421 2268 1592 2312 angegris-

895 2316 949 2349 fen
976 2315 1105 2355 hatten,
1121 2316 1299 2355 bestfirmt,
1322 2314 1480 2358 bekriegt
1503 2325 1591 2348 wor-

896 2362 961 2395 den
993 2363 1127 2399 warem
1167 2362 1305 2394 deditos
1339 2361 1470 2395 euthalt
1503 2360 1591 2394 dazu

898 2409 974 2441 eine
1005 2407 1232 2452 Steigerung;
1274 2407 1327 2441 [ib.
1361 2410 1591 2450 oppugnatos

899 2465 924 2488 S.
952 2456 1006 2496 36,
1035 2457 1067 2496 7,
1100 2457 1129 2487 ῖ.
1170 2473 1213 2477 -
1249 2453 1430 2497 exemplo,
1463 2453 1518 2487 ein
1551 2463 1590 2487 so

897 2510 1095 2544 grausames
1121 2499 1326 2540 Verfahren,
1362 2499 1442 2533 dass
1473 2509 1509 2534 es
1542 2499 1591 2533 als

896 2546 1045 2591 Beispiel
1070 2546 1144 2587 (der
1157 2546 1270 2587 Haste)
1297 2545 1479 2589 angeffihrt
1506 2556 1592 2580 wer—

897 2592 961 2627 den
979 2593 1121 2635 konnte,
1147 2603 1172 2626 s.
1189 2595 1243 2634 29,
1261 2594 1316 2631 27,
1332 2595 1368 2629 4;
1397 2594 1452 2637 21,
1467 2594 1591 2634 57,14.
