1747 2844
213 68 264 108 ’76
668 70 793 103 LIBER
817 70 964 103 xxxix.
1014 70 1107 104 CAP.
1134 72 1187 104 38.

1486 89 1513 108 a.
1534 88 1561 107 u.
1584 81 1644 108 570.

169 194 188 227 3
210 186 338 226 nelius
363 185 557 236 Cethegus
579 185 682 224 inter
696 185 798 224 cives
822 192 859 224 et
875 185 1108 237 peregrinos
1125 186 1252 225 sortiti
1269 191 1375 234 sunt,
1399 184 1438 224 C.
1456 184 1644 236 Sempro-

211 244 300 282 nius
332 242 492 281 Blaesus
523 241 706 286 Siciliam,
730 241 773 288 Q.
805 242 973 281 Naevius
1013 243 1142 281 Matho
1173 242 1390 281 Sardiniam
1421 247 1460 280 et
1481 247 1523 280 ut
1543 241 1646 280 idem

212 304 418 352 quaereret
439 299 486 338 (le
506 299 716 340 veneficiis.
739 303 786 337 A.
801 299 1010 338 Terentius
1032 299 1151 338 Varro
1175 299 1402 351 Hispaniam
1425 298 1646 337 citeriorem

169 365 188 396 4
208 356 250 395 Ρ.
275 356 533 407 Sempronius
554 356 717 407 Longus
739 355 966 407 Hispaniam
983 356 1222 396 ulteriorem.
1242 357 1289 394 de
1310 355 1358 395 iis
1379 354 1530 394 duabus
1551 367 1644 406 pro—

208 413 348 452 vinciis
370 413 484 464 legati
503 425 572 464 per
595 413 630 452 id
650 413 731 452 fere
753 420 909 464 tempus
925 413 967 451 L.
986 413 1186 453 luventius
1208 412 1356 451 Thalna
1379 418 1416 451 et
1431 412 1477 450 T.
1495 410 1646 457 Quinc-

170 480 188 510 5
208 470 315 509 tilius
340 469 460 509 Varus
482 477 687 515 venerunt,
722 469 788 521 qui
819 476 1010 521 quantum
1042 470 1184 510 bellum
1220 470 1294 508 iam
1325 469 1575 521 profligatum
1604 468 1646 507 in

209 526 396 578 Hispania
413 533 514 566 esset
535 532 672 566 senatu
691 527 827 565 edocto
853 527 1103 578 postularunt
1120 527 1248 576 simul,
1273 533 1318 565 ut
1337 538 1409 577 pro
1426 526 1545 564 rebus
1568 531 1646 564 tam

209 596 400 635 prospere
422 584 541 634 gestis
563 584 636 622 diis
657 584 930 622 inmortalibus
950 584 1160 623 haberetur
1181 584 1309 622 honos
1331 588 1370 622 et
1390 588 1433 622 ut
1454 582 1648 634 praetori-

167 648 186 680 6
207 641 282 680 bus
316 640 527 680 exercitum
559 641 762 690 deportare
794 640 941 679 liceret.
974 641 1209 692 supplicatio
1231 641 1271 679 in
1298 639 1463 679 biduum
1494 639 1649 678 decreta

210 705 288 743 est;
313 698 359 736 de
378 697 600 748 legionibus
631 697 896 748 deportandis,
920 709 1009 736 cum
1032 698 1079 736 de
1109 698 1317 737 consulum
1339 703 1644 748 praetorumque

167 763 183 793 7
209 755 444 794 exercitibus
461 761 655 805 ageretur,
672 766 753 793 rem
778 755 970 805 integram
993 755 1131 793 referri
1148 755 1363 793 iusserunt.
1394 765 1541 806 paucos
1558 758 1649 804 post

209 811 292 851 dies
314 811 544 850 consulibus
564 811 605 849 in
629 811 794 862 Ligures
816 811 929 850 binae
960 811 1148 861 legiones,
1179 824 1276 863 quas
1306 813 1378 862 Ap.
1403 810 1589 850 Claudius
1611 816 1649 848 et

167 876 185 908 8
206 868 256 907 Μ.
274 868 534 919 Sempronius
546 868 775 912 habuerant,
798 868 976 907 decretae
990 875 1094 907 sunt.
1128 869 1175 907 de
1187 867 1516 919 Hispaniensibus
1536 879 1647 906 exer-

208 925 350 964 citibus
371 937 509 975 magna
534 925 733 964 contentio
763 925 838 964 fuit
858 926 960 964 inter
989 937 1111 964 novos
1132 931 1333 977 praetores
1355 930 1394 963 et
1413 924 1560 963 amicos
1580 923 1648 962 ab-

168 990 187 1020 9
209 983 402 1030 sentium,
430 982 616 1034 Calpurni
647 982 899 1033 Quinctique.
947 987 1113 1034 utraque
1146 994 1260 1021 causa
1288 981 1472 1021 tribunos
1504 980 1647 1032 plebis,

209 1046 375 1090 utraque
398 1039 601 1078 consulem
624 1038 801 1078 habebat.
833 1039 870 1078 hi
901 1052 942 1086 se
959 1040 1248 1079 intercessuros
1269 1044 1429 1078 senatus
1451 1037 1646 1083 consulto,

209 1095 241 1135 si
263 1095 528 1147 deportandos
560 1103 769 1135 censerent
791 1096 1006 1143 exercitus,
1040 1095 1342 1143 denuntiabant3
1376 1094 1457 1142 illi,
1489 1095 1521 1133 si
1552 1094 1648 1133 haec

150 1161 187 1193 10
212 1152 444 1192 intercessio
467 1153 597 1200 fieret,
630 1153 778 1192 nullam
800 1166 883 1192 rem
905 1153 1016 1192 aliam
1039 1166 1079 1192 se
1115 1152 1275 1192 decerni
1295 1164 1496 1204 passuros.
1546 1151 1646 1190 victa

208 1215 408 1262 postremo
432 1210 653 1248 absentium
683 1209 803 1259 gratia
826 1216 903 1256 est,
928 1216 964 1249 et
986 1216 1146 1249 senatus
1170 1209 1393 1248 consultum
1413 1209 1582 1257 sactum,
1605 1212 1649 1246 ut

209 1273 410 1319 praetores
428 1273 613 1317 quattuor
634 1266 738 1305 milia
756 1267 932 1317 peditum
950 1266 1219 1305 Romanorum
1235 1266 1468 1313 scriberent,
1490 1271 1648 1304 trecen-

120 1314 167 1338 N*

210 1330 270 1363 tos
292 1323 466 1375 equites,
499 1330 537 1363 et
557 1324 734 1375 quinque
756 1323 860 1362 milia
883 1324 1057 1375 peditum
1090 1323 1288 1362 sociorum
1310 1322 1438 1362 Latini
1460 1321 1646 1368 nominis,

151 1389 185 1419 11
211 1381 452 1433 quingentos
484 1381 656 1431 equites,
689 1393 789 1431 quos
812 1393 945 1420 secum
977 1381 1016 1420 in
1041 1380 1267 1432 Hispaniam
1288 1385 1505 1431 portarent.
1557 1390 1647 1417 cum

206 1458 340 1499 richtet,
368 1469 393 1491 s.
417 1459 471 1499 38,
487 1459 540 1491 42.
556 1459 592 1492 8:
619 1457 808 1490 Mommsen
827 1457 892 1491 Str.

213 1507 240 1545 1,
255 1505 308 1538 83,
324 1506 353 1537 5.
394 1503 504 1536 Ueber
530 1503 595 1536 den
617 1502 719 1545 Krieg
743 1503 777 1536 in
795 1503 894 1546 Ligu-

208 1550 280 1582 rien
299 1560 324 1582 s.
343 1551 397 1583 40.
413 1551 466 1585 34,
482 1551 511 1583 4.
530 1568 574 1572 -
592 1550 687 1581 inter
714 1560 742 1581 c.
760 1553 793 1581 et
804 1560 894 1592 per„

209 1595 274 1627 wie
301 1606 328 1628 c.
356 1596 419 1635 8,2
447 1606 478 1628 u.
505 1605 545 1635 a.,
571 1594 638 1636 vgl.
666 1596 719 1635 40,
741 1597 818 1635 1,1;
838 1597 891 1635 41,

212 1643 262 1683 15,
278 1644 309 1682 5,
335 1640 489 1683 dagegen
508 1642 601 1672 inter
615 1643 705 1672 cives
718 1639 894 1673 Romanos

210 1690 244 1718 et
264 1697 339 1728 per.
354 1687 407 1726 22,
424 1688 477 1726 35,
492 1688 521 1718 5.
536 1705 580 1709 —
595 1689 628 1717 et
650 1689 692 1717 ut
707 1685 767 1726 id„
786 1686 893 1719 sehon

209 1741 271 1764 vor
296 1731 354 1764 der
370 1731 579 1773 Einsetzung
597 1730 654 1763 der
672 1733 893 1772 quaestiones

203 1780 401 1819 perpetuae
425 1775 562 1809 werden
596 1778 819 1818 quaestiones
851 1777 893 1809 de

211 1822 390 1862 veneficiis
398 1821 577 1854 bisweilen
587 1821 807 1864 angeordnet,
818 1832 894 1865 spe-

210 1867 287 1900 ciell
321 1877 430 1910 gegen
464 1867 516 1900 die
551 1867 699 1909 Frauen,
733 1878 758 1900 s.
786 1869 892 1908 8,18;

210 1915 386 1955 40,37,4,
413 1912 465 1946 die
492 1923 533 1945 an
559 1924 589 1945 u.
618 1912 666 1945 St.
695 1913 893 1945 erwahnten

208 1959 363 2002 bezogen
389 1958 461 1991 sich
487 1957 546 1991 auf
569 1958 622 1990 die
656 1960 737 1991 rom.
764 1957 893 2000 Burger

208 2005 411 2047 uberhaupt,
438 2015 463 2037 s.
491 2014 517 2036 c.
537 2006 643 2045 41,5;
670 2014 695 2036 s.
722 2003 806 2036 Rein
826 2004 893 2036 Cri-

208 2050 338 2083 minalr.
358 2052 433 2083 406.
472 2049 565 2082 Doch
583 2048 670 2081 wird
687 2049 802 2082 weder
822 2050 894 2082 hier

209 2096 298 2129 noch
331 2097 385 2136 40,
412 2097 466 2135 37,
494 2098 532 2133 4;
558 2095 602 2127 ih.
629 2097 683 2135 44,
711 2097 730 2128 6
756 2095 824 2138 vgl.
851 2105 893 2128 zu

210 2143 263 2176 39.
283 2143 387 2181 14,6,
426 2141 479 2173 ein
517 2140 807 2173 Volksbeschluss
844 2151 893 2173 er-

210 2187 345 2224 wahnt3
365 2186 423 2218 der
442 2185 545 2219 Senat
564 2185 699 2218 ertheilt
717 2186 793 2218 dem
807 2186 893 2219 Nae—

209 2233 287 2266 vius
319 2232 386 2264 wie
415 2231 501 2264 auch
534 2235 628 2264 ‹sc-nst
659 2230 893 2274 Magistraten,

213 2288 311 2311 wenn
337 2278 386 2310 sie
410 2277 537 2310 hereits
566 2277 641 2310 eine
667 2276 811 2310 Provinz
845 2288 894 2311 er-

212 2323 302 2357 loost
326 2323 448 2358 haben.
474 2322 538 2356 den
563 2322 718 2365 Austrag,
744 2333 769 2356 s.
793 2325 892 2365 41,9,

215 2371 272 2407 10;
298 2368 486 2402 Mommsen
511 2369 738 2410 2,194;232;
758 2370 830 2403 103.

258 2416 357 2448 4-9,
386 2414 519 2446 Iuvent.
529 2433 574 2438 -—
585 2413 684 2455 Var„
698 2424 725 2446 c.
739 2416 792 2456 31,
804 2417 834 2448 4.
849 2433 893 2438 -

212 2461 369 2501 proslz'g„
399 2461 453 2499 35,
476 2461 507 2499 6,
529 2462 558 2493 3.
584 2479 629 2484 —
661 2460 739 2492 hab.
771 2461 893 2502 honos,

215 2506 268 2545 41,
281 2506 311 2545 6,
322 2507 400 2538 4.-
409 2506 476 2547 Ap.
489 2505 537 2538 CI.
549 2509 583 2537 et
591 2505 739 2547 sempr„
751 2516 777 2538 c.
789 2507 892 2539 32.—

215 2549 431 2592 Hz‘spanien„
458 2561 484 2583 e.
500 2551 554 2591 20,
573 2553 603 2584 4.
618 2570 663 2574 —
681 2552 814 2583 tribum.
830 2550 891 2593 pL,

963 1470 990 1491 c.
1023 1460 1076 1500 32,
1094 1459 1144 1491 12.
1178 1477 1222 1481 -
1257 1456 1453 1498 consulem,
1487 1455 1565 1489 dass
1598 1466 1648 1497 so,

963 1504 1055 1536 nieht
1082 1503 1241 1535 eonsules
1265 1512 1307 1535 zu
1332 1501 1427 1535 lesen
1456 1501 1524 1543 sei,
1557 1501 1649 1544 zeigt

962 1553 1115 1591 utraque
1123 1562 1135 1589 ;
1149 1548 1203 1581 die
1217 1547 1368 1581 Consuln
1382 1547 1537 1581 konnten
1547 1546 1650 1580 eben-

963 1605 1013 1636 so,
1031 1595 1098 1627 wie
1116 1594 1170 1627 die
1183 1593 1211 1626 T
1213 1593 1368 1635 ribunen,
1387 1603 1498 1636 gegen
1511 1591 1650 1625 Senats—

962 1640 1163 1673 beschlusse
1172 1639 1380 1682 Einsprache
1392 1639 1475 1672 thun
1485 1649 1517 1672 u.
1528 1648 1567 1671 so
1576 1638 1648 1671 ihre

963 1686 1186 1727 Aussfihrung
1217 1684 1378 1726 hindern,
1405 1695 1430 1717 s.
1466 1685 1519 1725 38,
1538 1685 1592 1725 42,
1610 1685 1649 1722 9;

964 1734 1018 1773 30,
1032 1734 1086 1771 43,
1104 1733 1138 1769 1;
1165 1730 1241 1763 eine
1266 1730 1389 1763 andere
1406 1730 1505 1762 Form
1523 1728 1582 1762 der
1596 1728 1649 1761 In-

965 1777 1151 1817 tercession
1176 1776 1221 1808 ist
1245 1775 1290 1807 im
1308 1774 1402 1817 Folg.
1421 1774 1557 1807 nullam
1573 1785 1650 1807 rem

964 1826 1046 1859 etc.;
1080 1821 1186 1855 durch
1219 1819 1312 1854 diese
1344 1819 1507 1863 Drohung
1539 1819 1650 1853 sollen

964 1867 1016 1900 die
1042 1867 1175 1909 Gegner
1208 1876 1276 1899 von
1307 1866 1397 1899 ihrer
1421 1865 1649 1898 Intercession

964 1911 1212 1956 abgeschreckt
1224 1911 1373 1952 werden,
1390 1910 1458 1954 vgl.
1474 1912 1528 1952 30,
1540 1913 1595 1953 40,
1610 1912 1628 1944 8
1640 1924 1647 1950 ;

964 1960 1132 2000 42,10,10;
1143 1957 1332 1991 Mommsen
1344 1955 1409 1990 Str.
1419 1960 1429 1989 1
1438 1958 1525 1997 ,229;
1535 1956 1650 1999 Lange

963 2006 993 2045 2,
1009 2006 1084 2037 389.
1111 2023 1155 2027 -
1181 2004 1219 2035 lzi
1249 2002 1307 2035 der
1332 2001 1458 2035 Consul
1489 2001 1559 2035 und
1592 2001 1646 2034 die

962 2049 1153 2089 Tribunen,
1187 2048 1320 2081 welche
1354 2047 1407 2080 die
1432 2057 1543 2081 neuen
1568 2046 1648 2080 Pra-

963 2099 1069 2137 toren,
1088 2095 1142 2127 illi
1166 2094 1233 2135 die,
1258 2093 1389 2127 welche
1407 2093 1460 2126 die
1478 2093 1649 2135 abgehen-

963 2141 1028 2174 den
1053 2143 1302 2181 unterstfitzen,
1328 2138 1422 2172 nicht
1448 2138 1502 2171 die
1527 2137 1648 2171 Tribu-

963 2197 1028 2219 nen
1043 2187 1160 2228 einer-,
1175 2185 1229 2218 die
1243 2184 1393 2218 Consuln
1411 2183 1645 2217 andererseits.

962 2251 1007 2256 —
1024 2231 1234 2275 deportand.
1258 2230 1305 2263 ist
1329 2229 1388 2263 der
1408 2228 1646 2271 gewohnliche

963 2277 1154 2319 Ausdruck,
1168 2276 1189 2319 ξ
1207 2279 1247 2309 5:
1269 2277 1323 2316 34,
1343 2276 1397 2316 52,
1410 2276 1474 2314 ,10;
1491 2275 1544 2315 37,
1559 2276 1590 2316 2,
1605 2277 1644 2308 6:

964 2323 1147 2364 deducere,
1173 2321 1227 2354 die
1245 2321 1402 2363 spateren
1419 2318 1517 2352 Hdss.
1535 2319 1647 2352 haben

962 2368 1208 2411 reportandos,
1222 2365 1288 2398 wie
1303 2365 1375 2398 sich
1386 2364 1566 2398 bisweilen
1584 2364 1647 2398 fin-

962 2413 1030 2454 det,
1055 2423 1080 2446 S.
1107 2414 1162 2454 38,
1176 2413 1231 2453 42,
1248 2412 1305 2449 12;
1331 2411 1376 2444 ib.
1402 2413 1456 2452 50,
1470 2412 1500 2443 3.

1009 2459 1367 2500 10—-12,praetor.—
1377 2456 1492 2497 scrib„
1506 2465 1532 2488 s.
1549 2465 1575 2489 c.
1592 2457 1646 2498 20,

961 2506 991 2537 4.
1017 2523 1062 2528 —
1087 2514 1166 2536 cum
1191 2512 1249 2534 eos
1272 2504 1310 2534 in
1335 2505 1376 2535 st.
1403 2500 1463 2534 des
1488 2501 1537 2535 hs.
1566 2512 1646 2534 cum

961 2560 1037 2591 em,
1072 2559 1143 2582 was
1170 2547 1263 2581 nicht
1295 2546 1516 2591 richtigtsein
1542 2546 1645 2591 kann,
