1779 2893
116 117 143 138 fl.
163 110 218 138 ch.
239 111 297 138 171.

573 97 699 132 LIBER
724 98 883 133 xxxxll.
932 99 1029 134 CAP.
1054 101 1109 134 64.

1488 98 1567 137 165

117 217 195 257 tiva
224 216 378 256 dierum
408 215 562 268 aliquot
589 214 739 255 habuit.
790 214 859 255 ubi
879 227 969 254 cum
999 215 1174 255 audisset
1202 215 1349 268 raptim
1369 214 1572 255 Romanos
1592 222 1611 255 2

118 274 222 316 circa
245 286 292 314 ex
313 273 417 326 agris
445 274 668 313 demessum
690 273 933 312 frumentum
955 274 1197 317 convehere.
1221 273 1363 313 deinde
1387 280 1478 313 ante
1500 286 1570 312 sua

118 344 317 386 quemque
337 331 508 372 tentoria
538 331 668 384 spicas
695 330 868 370 fascibus
897 330 1173 378 desecantem,
1207 344 1287 383 quo
1316 330 1458 384 purius
1486 330 1570 370 sru-
1591 338 1611 372 3

116 395 296 430 mentum
324 394 489 435 tereret,
521 388 696 441 ingentis
725 400 884 428 acervos
906 401 978 441 per
1007 395 1087 428 tota
1111 394 1237 428 castra
1259 394 1571 428 stramentorum

118 447 272 496 fecisse,
303 452 413 486 ratus
441 446 627 486 incendio
650 452 877 499 opportuna
899 458 998 494 esse,
1030 447 1134 486 faces
1156 447 1389 499 taedamque
1412 452 1450 485 et
1471 446 1570 486 mal-

116 505 243 545 leolos
271 510 439 557 stuppae
469 503 605 544 inlitos
635 504 722 557 pice
751 504 878 556 parari
906 504 1037 552 iubet;
1069 510 1187 556 atque
1218 504 1270 544 ita
1300 503 1429 543 media
1453 510 1570 543 nocte

116 562 322 616 protectus
343 569 410 609 est,
430 567 476 601 ut
498 562 624 615 prima
641 561 729 602 luce
747 561 956 613 adgressus
971 561 1136 601 falleret.
1173 561 1454 614 nequidquam.
1486 562 1569 614 pri·
1589 570 1611 603 4

116 632 204 660 mae
231 619 422 660 stationes
450 632 665 672 oppressae
697 618 865 659 tumultu
897 632 942 659 ac
972 625 1123 659 terrore
1154 632 1226 659 suo
1249 626 1402 659 ceteros
1425 619 1570 658 excita-

116 683 260 717 verunt
281 677 521 730 signumque
543 677 675 717 datum
700 684 759 716 est
780 689 886 717 arma
909 677 1104 730 extemplo
1137 677 1340 730 capiendi3
1374 677 1571 729 simulque

117 736 159 775 in
180 734 304 783 vallo,
327 735 373 775 ad
396 740 547 788 portas,
567 735 680 775 miles
701 734 925 781 instructus
946 742 1040 774 erat.
1083 742 1121 774 et
1140 752 1165 775 ÷÷
1198 752 1222 774 ÷÷
1257 735 1572 788 oppugnationis
1593 744 1610 776 5

118 799 340 834 castrorum
361 792 528 833 Perseus
550 799 589 833 et
610 792 806 846 extemplo
827 792 1062 844 circumegit
1091 792 1215 832 aciem
1239 801 1276 832 et
1297 793 1423 845 prima
1445 792 1572 844 impe-

118 850 293 891 dimenta
325 850 397 899 ire,
428 850 571 890 deinde
601 851 778 904 peditum
801 850 913 902 signa
936 850 1031 890 ferri
1052 850 1178 890 iussit.
1231 850 1315 903 ipse
1345 862 1437 890 cum
1459 850 1571 902 equi-

120 915 201 949 tatu
224 915 262 948 et
281 908 357 948 levi
374 914 571 948 armatura
590 908 766 948 substitit
784 908 831 947 ad
847 921 988 960 agmen
1008 909 1244 960 cogendum,
1266 914 1388 957 ratus,
1411 908 1447 947 id
1466 907 1573 960 quod

118 965 274 1015 accidit,
305 966 557 1006 insecuturos
578 966 625 1006 ad
650 972 821 1006 extrema
843 965 890 1005 ab
913 972 1023 1017 tergo
1055 966 1252 1018 carpenda
1274 966 1413 1005 hostis.
1455 965 1573 1005 breve
1593 973 1614 1007 6

119 1031 318 1064 certamen
339 1023 435 1063 levis
450 1030 668 1063 armaturae
685 1024 853 1063 maxime
870 1036 960 1063 cum
978 1023 1325 1076 procursatoribus
1342 1024 1436 1073 fuit;
1460 1023 1572 1076 equi-

118 1088 180 1122 tes
199 1082 435 1134 peditesque
455 1081 542 1121 sine
564 1081 739 1121 tumultu
760 1081 800 1120 in
824 1088 951 1121 castra
972 1081 1189 1121 redierunt.

236 1138 434 1179 Demessis
463 1139 565 1178 circa
597 1138 796 1190 segetibus
826 1138 995 1178 Romani
1025 1139 1073 1178 ad
1104 1138 1340 1185 Crannona,
1377 1138 1574 1178 intactum
1592 1148 1611 1180 7

119 1209 272 1248 agrum,
293 1202 419 1236 castra
439 1203 612 1236 movent.
653 1196 707 1235 ibi
730 1209 821 1236 cum
843 1196 972 1236 securi
995 1203 1032 1235 et
1054 1203 1219 1249 propter
1238 1195 1573 1248 longinquitatem

120 1260 158 1294 et
185 1254 270 1294 viae
299 1254 431 1306 inopis
469 1266 661 1306 aquarum
694 1253 988 1301 difficultatem,
1025 1267 1125 1306 quae
1159 1254 1263 1294 inter
1293 1253 1503 1306 Sycurium
1535 1260 1574 1293 et

119 1311 332 1352 Crannona
354 1318 432 1362 est,
456 1312 592 1351 stativa
614 1311 828 1359 haberent,
850 1318 1018 1364 repente
1040 1312 1164 1364 prima
1187 1312 1275 1352 luce
1297 1315 1338 1350 in
1359 1311 1573 1351 imminen-
1593 1320 1612 1353 8

166 1414 266 1448 2-3.
291 1414 453 1453 fmment
477 1417 555 1452 etc„
580 1424 634 1447 um
650 1424 686 1447 es
700 1414 732 1446 in
757 1414 810 1447 die

118 1458 296 1503 Magazine
320 1470 362 1492 zu
387 1459 517 1501 liesern,
543 1470 604 1493 aus
627 1459 736 1494 denen
763 1460 810 1493 sie

119 1506 214 1539 ihren
230 1504 356 1539 Bedarf
377 1505 552 1546 erhielten,
580 1517 607 1539 c.
634 1508 689 1547 55,
715 1508 747 1540 5.
767 1526 810 1529 —

118 1551 280 1592 fascibus
308 1551 355 1585 ist
384 1551 518 1585 Dativs
554 1562 621 1585 von
656 1552 720 1585 den
748 1551 810 1585 Ge-

120 1597 396 1636 treidebfindeln;
423 1596 510 1631 Stat.
536 1597 620 1631 Silv.
648 1600 678 1640 2,
702 1600 733 1640 2,
749 1599 813 1631 85ε

123 1643 243 1677 Graiis
255 1664 280 1667 —
293 1643 432 1676 desecta
451 1644 605 1676 metallis
625 1655 741 1685 δαίτῃ·
756 1654 812 1687 ge-

120 1688 333 1723 wfihnlicher
365 1690 409 1723 ist
444 1690 487 1721 de
524 1689 577 1723 od.
605 1701 644 1731 a,
679 1689 813 1723 Andere

119 1736 215 1770 lesen
240 1735 406 1775 falct'buS.
432 1755 476 1759 —
490 1747 556 1778 per
570 1736 814 1776 tota—fecisse

119 1782 165 1816 ist
174 1780 419 1815 aufflomanos
432 1792 474 1814 zu
487 1782 661 1821 beziehen,
677 1793 814 1825 quemq.

122 1848 150 1852 —
161 1827 350 1870 desecant„
363 1828 579 1872 Apposition‚
591 1829 664 1872 gibt
685 1828 739 1862 die
755 1830 814 1861 Art

121 1873 191 1907 und
218 1873 330 1907 Weise
364 1883 424 1907 an:
457 1873 608 1907 dadurch
642 1874 733 1909 dass.
769 1894 814 1898 ——

121 1923 275 1964 oppon-t„
300 1930 332 1952 n.
358 1924 497 1962 castra,
523 1920 592 1964 vgl.
620 1922 673 1962 30,
701 1923 732 1963 3,
763 1922 814 1954 10.

120 1985 163 1990 -
188 1969 361 2009 stuppae,
394 1976 454 2000 aus
492 1966 608 2010 Werg,
645 1977 671 2000 s.
698 1968 752 2009 38,
780 1969 811 2007 6,

121 2013 159 2051 2;
184 2014 241 2053 21,
267 2014 298 2054 8,
328 2013 390 2046 10:
423 2016 554 2056 stuppa
580 2014 812 2055 circumfiga-

122 2059 208 2091 bant
232 2058 398 2101 (serrum)
413 2058 642 2101 linebantque
664 2061 814 2101 pice.—

123 2114 144 2137 a
174 2114 315 2136 “rea-sus
331 2105 406 2136 =si
429 2104 620 2146 adgressus
646 2109 752 2146 esset,
786 2115 812 2138 s.

121 2152 178 2191 41,
216 2151 267 2190 16,
301 2151 340 2188 2;
373 2150 612 2192 adgressurus
647 2161 689 2183 zu
719 2151 813 2184 lesen

120 2195 256 2229 scheint
268 2194 363 2229 nicht
374 2196 506 2239 nothig.
532 2215 577 2221 -
597 2196 734 2238 fallen,
758 2199 813 2239 44,

121 2243 178 2286 29,
204 2245 240 2281 5;
278 2243 310 2283 8,
343 2243 406 2283 20,
432 2245 450 2276 5
487 2252 519 2275 u.
547 2253 594 2279 a.;
629 2242 716 2276 auch
753 2243 814 2276 mit

121 2288 231 2321 einem
244 2287 420 2329 Accusat„
440 2298 466 2321 s.
481 2290 512 2328 2,
530 2290 582 2329 19,
598 2291 636 2325 7:
664 2290 717 2328 38,
734 2291 766 2328 7,
781 2291 812 2323 6.

168 2336 271 2368 4—6.
301 2334 561 2377 nequidquam,
595 2345 621 2367 s.
648 2334 715 2367 Cic.
741 2335 811 2368 Att.

121 2382 156 2420 4,
181 2382 214 2420 6,
240 2381 277 2413 2:
311 2380 422 2422 quid?
455 2382 488 2412 si
514 2391 652 2413 cessare
684 2381 814 2414 lIbeat?

122 2427 360 2468 nequiquam,-
395 2425 478 2460 Hirt.
505 2425 542 2459 B.
569 2425 606 2459 G.
636 2428 667 2467 S,
696 2428 748 2468 19,
775 2429 811 2462 6:

121 2470 250 2514 fugam
263 2475 454 2514 quaer-unt.
475 2475 692 2515 nequiquam
702 2485 716 2511 ‚·
728 2483 813 2505 nam

123 2520 208 2555 etc.;
234 2516 370 2550 {hatich
391 2518 482 2551 Curt.
509 2520 540 2558 3,
570 2520 621 2560 13,
650 2520 708 2557 12;
735 2519 813 2558 fru-

122 2566 199 2596 stra
224 2562 313 2596 Flor.
340 2565 372 2604 2,
398 2565 437 2597 21
453 2566 499 2606 (4,
521 2566 567 2606 2),
593 2566 631 2603 9;
658 2564 813 2599 Hor.0d.

123 2611 156 2652 3,
182 2610 213 2649 7,
239 2611 279 2643 21
301 2619 392 2651 u.a.,
416 2609 557 2654 Madvig
581 2609 736 2644 verwirlt
760 2610 814 2644 die

880 1412 1131 1456 Absonderung
1156 1413 1216 1446 des
1231 1413 1368 1446 Wortes
1389 1412 1456 1445 und
1484 1412 1575 1446 zieht

881 1459 1047 1502 nequz'rlq.
1073 1469 1115 1492 zu
1142 1459 1216 1492 dem
1237 1459 1316 1503 folg.
1332 1459 1491 1503 Particip.
1518 1461 1573 1499 22,

881 1507 936 1545 43,
964 1507 999 1541 1;
1028 1507 1084 1545 40,
1110 1506 1164 1546 58,
1191 1507 1221 1538 3.
1253 1525 1298 1528 ——
1323 1505 1478 1548 simulq.,
1504 1505 1574 1548 vgl.

881 1553 1006 1591 21‚49,
1032 1554 1081 1585 10.
1108 1570 1150 1575 -
1176 1554 1214 1583 in
1240 1562 1282 1589 v.,
1310 1551 1358 1583 ad
1379 1555 1487 1594 port„
1513 1551 1574 1584 das

884 1597 1086 1641 Asyndeton
1118 1598 1308 1640 entspricht
1339 1597 1398 1631 der
1430 1598 1574 1641 fibrigen

882 1643 1112 1686 Darstellung,
1128 1654 1155 1677 s.
1169 1645 1224 1685 41,
1240 1646 1270 1685 3,
1288 1647 1317 1677 1.
1342 1663 1388 1667 —
1403 1654 1575 1687 oppugn„

884 1689 990 1722 davor
1016 1689 1074 1722 hat
1093 1689 1148 1723 die
1164 1689 1220 1723 Hs.
1237 1692 1408 1730 inconste,
1436 1699 1507 1723 was
1523 1689 1575 1723 bis

878 1736 965 1777 jetzt
992 1736 1079 1769 noch
1095 1735 1187 1769 nicht
1209 1736 1269 1768 mit
1284 1735 1474 1769 Sicherheit
1499 1746 1573 1769 ver-

884 1782 1014 1815 hessert
1039 1782 1100 1821 ist;
1128 1792 1164 1815 es
1178 1782 1262 1815 lasst
1273 1782 1347 1816 sich
1370 1781 1474 1815 daher
1487 1784 1575 1815 auch

884 1827 978 1861 nicht
1004 1827 1193 1869 erkennen,
1229 1829 1271 1861 ob
1309 1828 1367 1861 der
1393 1827 1472 1861 Satz
1498 1839 1574 1861 zum

886 1873 1050 1917 Vorherg.
1076 1873 1131 1907 od.
1146 1874 1242 1917 Folg.
1268 1874 1387 1917 gehort
1411 1885 1442 1907 u.
1457 1878 1491 1906 et
1514 1884 1576 1907 vor

885 1921 1062 1963 e-ctemplo
1096 1931 1138 1953 zu
1169 1920 1278 1964 tilgen
1310 1921 1353 1954 ist
1387 1920 1441 1953 od.
1468 1920 1573 1953 nicht.

882 1986 927 1991 —
953 1967 1154 2009 carpenda,
1188 1969 1219 2007 6,
1247 1968 1301 2002 32,
1332 1969 1381 1999 11.
1412 1985 1457 1989 -
1491 1977 1574 2008 pro-

884 2017 1061 2045 cur-sator.
1089 2011 1197 2045 findet
1221 2012 1293 2046 sich
1309 2012 1400 2046 viell.
1415 2023 1478 2045 nur
1491 2012 1575 2053 hier,

883 2059 953 2101 vgl.
977 2061 1032 2099 34,
1064 2061 1112 2097 15,
1138 2061 1176 2092 9;
1204 2059 1452 2099 det1·aetator‚·
1477 2060 1575 2099 7‚32‚

887 2107 945 2143 11;
973 2106 1005 2147 9,
1036 2106 1136 2146 13‚2:
1165 2105 1400 2143 adhortatam
1424 2115 1575 2147 procul·-

883 2153 994 2191 satio,
1019 2161 1235 2193 procursus,
1269 2161 1490 2193 procursare
1515 2150 1574 2184 hat

883 2197 919 2230 L.
946 2196 1129 2230 mehrfach.

931 2245 1053 2276 7—10.
1091 2242 1304 2282 Crannona,
1330 2241 1383 2275 die
1409 2240 1519 2280 stadt,
1545 2252 1572 2275 s.

884 2300 913 2322 c.
931 2291 984 2330 55,
998 2291 1031 2330 6,
1055 2289 1112 2332 lag
1138 2289 1220 2322 iiber
1246 2290 1264 2322 2
1290 2287 1414 2321 Meilen
1441 2287 1574 2321 sudlich

883 2345 951 2368 von
976 2334 1101 2373 Larisa,
1128 2334 1270 2368 Bursian
1300 2336 1328 2375 1,
1354 2336 1413 2372 67;
1440 2333 1494 2367 die
1508 2333 1574 2367 Ro-

883 2391 955 2414 mer
979 2380 1055 2414 sind
1081 2381 1154 2414 also
1174 2380 1300 2414 wieder
1326 2380 1408 2412 fiber
1432 2379 1498 2413 den
1512 2380 1575 2414 Pe-

883 2436 970 2460 neus
995 2437 1189 2470 gegangen‚
1215 2437 1241 2460 s.
1258 2427 1355 2467 c.62‚
1375 2428 1402 2459 1.
1430 2444 1470 2450 —-
1500 2426 1574 2458 lon-

880 2476 992 2516 ginq„
1005 2472 1158 2506 Crannon
1167 2473 1224 2515 lag
1234 2481 1286 2505 am
1298 2471 1577 2513 sudwestlichen,

884 2519 1063 2563 Sycurium
1097 2529 1149 2551 am
1186 2518 1353 2551 ostlichen
1384 2517 1479 2551 Ende
1515 2517 1575 2551 der

883 2564 1125 2608 pelasgischen
1139 2564 1264 2597 Ebene.
1290 2582 1334 2588 —
1352 2574 1443 2606 quae
1458 2574 1489 2597 n.
1506 2566 1575 2605 via,

886 2613 941 2653 21,
968 2613 998 2653 2,
1027 2612 1056 2643 2.
1091 2630 1130 2634 —
1158 2614 1304 2653 repenle
1329 2609 1415 2643 nach
1442 2621 1521 2643 cum
1547 2620 1575 2643 s.
