1747 2844
102 743 151 779 66

187 54 267 94 168

593 60 718 95 LIBER
742 62 899 97 xxxxn.
948 65 1042 100 CAP.
1067 70 1122 102 65.
1147 71 1201 103 66.

1469 92 1495 112 a.
1514 93 1543 113 u.
1563 87 1625 114 583.

185 184 256 210 nec
279 172 508 224 cuiusquam
531 175 576 214 ad
600 175 839 217 deditionem
859 178 1090 221 flectebatur
1108 184 1276 234 animus,
1307 199 1398 227 cum
1420 201 1467 228 ex
1487 189 1622 243 inspe-

133 233 164 268 12
185 234 268 267 rato
290 228 364 271 iam
389 229 596 271 obstinatis
616 233 716 272 mori
738 247 828 286 spes
858 236 1029 277 adfulsit.
1071 252 1160 280 nam
1182 254 1272 282 cum
1295 257 1341 284 ex
1362 245 1623 288 frumentato-

179 280 289 323 ribus
309 286 551 337 refugientes
572 290 729 341 quidam
751 291 792 330 in
815 300 940 332 castra
962 296 1209 339 nuntiassent
1230 301 1383 341 consuli
1413 303 1618 345 circumsi-

179 342 260 380 deri
290 343 548 394 praesidium,
579 353 709 387 motus
738 349 914 400 periculo
945 358 1002 391 tot
1031 353 1171 394 civium
1192 379 1248 386 —
1281 371 1370 398 nam
1401 361 1618 413 octingenti

178 398 312 445 ferme,
336 406 371 438 et
394 412 531 441 omnes
553 402 719 444 Romani
743 414 854 445 erant
876 430 929 435 —-
952 421 1043 448 cum
1065 412 1238 463 equitatu
1262 428 1307 455 ac
1327 416 1401 456 levi
1423 426 1616 460 armatura

176 478 230 483 -
252 465 497 497 accesserant
521 472 618 499 nova
640 462 795 510 auxilia,
826 463 1031 505 Numidiae
1053 469 1203 519 pedites
1225 473 1454 526 equitesque
1477 482 1515 515 et
1535 476 1615 517 ele-

177 512 311 564 phanti
332 537 387 542 —
409 516 547 556 castris
569 519 768 568 egreditur
790 527 826 559 et
846 521 1016 562 tribunis
1038 525 1205 566 militum
1227 528 1406 582 imperat,
1428 538 1472 572 ut.
1491 532 1616 585 legio-

121 576 157 608 13
179 582 273 608 num
295 569 404 621 signa
421 582 649 624 sequantur.
680 576 765 628 ipse
783 577 963 619 velitibus
979 581 1025 620 ad
1042 582 1231 624 firmanda
1251 586 1394 626 levium
1415 602 1614 631 armorum

114 632 152 664 14
173 626 313 666 auxilia
345 628 507 669 adiectis
537 632 583 670 ad
616 633 810 672 tumulum
842 638 1050 687 praecedit.

172 683 384 732 Eumenes,
409 687 561 727 Attalus
584 695 620 728 et
642 690 874 742 Misagenes,

1113 642 1286 682 consulis
1314 644 1435 686 latera
1474 655 1614 700 tegunt

896 695 1058 745 regulus
1079 696 1349 741 Numidarum.

286 741 383 781 Cum
399 743 437 782 in
456 752 672 798 conspectu
695 748 819 799 prima
841 750 951 801 signa
970 765 1129 793 suorum
1147 756 1416 799 circumsessis
1435 760 1610 812 fuerunt,

169 796 357 838 Romanis
388 801 544 852 quidem
577 803 624 841 ab
655 804 805 845 ultuma
837 807 1110 860 desparatione
1131 821 1330 854 recreatus
1351 822 1409 856 est
1431 818 1606 869 animus;

127 861 148 894 2
169 853 356 903 Perseus,
380 858 440 896 cui
464 859 634 910 primum
658 863 834 901 omnium
856 865 983 905 fuerat
997 897 1007 914 ,
1037 874 1080 907 ut
1101 877 1313 911 contentus
1333 873 1497 914 fortuito
1519 889 1609 917 suc-

168 923 293 959 cessu,
316 915 440 965 captis
457 916 607 968 aliquot
630 918 981 962 frumentatoribus
997 926 1229 979 occisisque,
1252 942 1331 969 non
1350 936 1494 971 tereret
1508 939 1607 974 tem·

124 976 143 1006 3
165 981 240 1020 pus
269 969 309 1008 in
342 971 547 1012 obsidione
580 976 785 1026 praesidii,
817 981 1058 1030 secundum,
1091 996 1134 1022 ea
1157 998 1315 1038 quoque
1339 994 1522 1041 temptata
1543 997 1608 1031 ut-

165 1037 348 1078 cumque,
371 1041 460 1067 cum
482 1031 599 1070 sciret
622 1032 718 1072 nihil
741 1034 895 1075 roboris
912 1050 1044 1077 secum
1067 1053 1165 1089 esse,
1188 1042 1281 1082 dum
1302 1044 1439 1085 liceret
1458 1047 1605 1088 intacto

163 1082 291 1131 abire,
325 1091 362 1123 et
393 1086 476 1137 ipse
508 1088 680 1128 hostium
711 1092 921 1132 adventum
944 1095 1067 1136 elatus
1089 1111 1275 1140 successu
1296 1103 1440 1142 mansit
1467 1110 1505 1144 et
1537 1107 1605 1158 qui

121 1147 142 1179 4
162 1140 395 1192 phalangem
418 1153 660 1185 arcesserent
693 1161 862 1200 propere
884 1151 1014 1200 misit;
1049 1168 1148 1206 quae
1171 1164 1207 1195 et
1228 1158 1378 1207 serius,
1403 1173 1519 1213 quam
1539 1176 1605 1203 res

162 1198 398 1248 postulabat,
421 1206 478 1248 et,
500 1203 641 1254 raptim
664 1211 746 1243 acta
760 1236 769 1252 ,
803 1207 957 1247 turbata
981 1222 1099 1250 cursu
1120 1214 1306 1254 adversus
1326 1216 1542 1259 instructos
1563 1226 1603 1260 et

160 1262 414 1306 praeparatos
444 1265 525 1297 erat
547 1260 771 1301 adventura.

823 1265 962 1304 consul
992 1270 1247 1310 anteveniens
1269 1274 1464 1326 extemplo
1485 1289 1602 1328 proe-

119 1319 138 1351 5
159 1309 254 1349 lium
277 1314 488 1353 conseruit.
539 1317 667 1368 primo
694 1320 876 1360 resistere
906 1322 1160 1373 Macedones,
1182 1328 1344 1379 deinde,
1367 1337 1410 1370 ut
1431 1333 1538 1372 nulla
1556 1348 1600 1374 re

158 1380 271 1419 pares
293 1378 416 1416 erant,
447 1373 600 1413 amissis
623 1377 811 1416 trecentis
833 1379 1045 1430 peditibus,
1078 1383 1216 1434 viginti
1238 1392 1427 1438 quattuor
1447 1390 1597 1441 primo-

156 1424 266 1464 ribus
282 1428 454 1478 equitum
475 1442 518 1468 ex
536 1430 607 1479 ala,
630 1445 745 1483 quam
764 1447 910 1474 sacram
930 1445 1083 1486 vocant,
1105 1440 1209 1480 inter
1225 1455 1325 1494 quos
1341 1445 1599 1488 Antimachus

115 1491 135 1523 6
158 1481 272 1521 etiam
295 1485 516 1535 praefectus
537 1488 618 1527 alae
640 1490 793 1538 cecidit,
815 1492 923 1532 abire
940 1503 1147 1536 conantur.
1183 1506 1357 1540 ceterum
1378 1502 1452 1542 iter
1472 1517 1597 1558 prope

155 1538 241 1590 ipso
264 1542 414 1592 proelio
446 1544 729 1586 tumultuosius
758 1548 843 1587 fuit.
886 1551 1074 1602 phalanx,
1098 1555 1166 1594 abs
1189 1557 1341 1609 trepido
1364 1561 1505 1600 nuntio
1530 1575 1596 1602 ac-

148 1638 237 1670 pars
269 1640 413 1671 magna.
450 1651 492 1655 —
527 1635 743 1674 circumsid,
780 1637 837 1670 be-

150 1673 305 1707 zeichnet
335 1677 489 1719 zugleich
523 1678 587 1712 den
613 1680 749 1724 Angriff
768 1694 833 1716 von

150 1718 237 1751 allen
265 1720 397 1759 Seiten,
431 1734 459 1755 c.
487 1726 544 1766 66,
569 1727 596 1758 2.
623 1745 668 1750 —
694 1739 834 1769 acces-v„

149 1764 252 1797 sehon
286 1776 314 1798 e.
339 1769 403 1804 62,
432 1770 470 1808 2,
502 1771 663 1804 erwahnt.
697 1793 741 1797 —
768 1775 834 1817 leg.

147 1811 264 1851 signa,
291 1813 345 1850 28,
375 1816 424 1854 14,
453 1816 505 1847 10.
538 1835 581 1840 —
608 1817 721 1850 later-a
755 1824 834 1862 teg„

149 1856 202 1896 40,
229 1858 260 1897 6,
285 1859 322 1895 4;
349 1858 391 1890 ib.
423 1861 474 1900 13,
501 1863 531 1894 3.
567 1881 607 1885 —
636 1868 669 1895 et
693 1864 834 1907 Misag„

146 1910 201 1932 um
236 1901 290 1934 die
323 1903 441 1937 beiden
477 1906 617 1940 Prinzen
651 1920 718 1942 von
756 1911 830 1944 dem

145 1945 257 1990 Konig
283 1948 533 1994 abzusondern,
567 1954 635 1997 vgl.
662 1965 690 1988 c.
718 1958 772 1999 53,
799 1959 830 1990 6.

190 2037 251 2073 66.
281 2041 376 2073 1—4.
404 2040 638 2086 Cum-suern,
663 2046 756 2080 stellt
770 2047 830 2082 das

142 2081 312 2126 Ereigniss
337 2085 382 2118 im
397 2086 609 2123 Nebensatze
622 2091 670 2124 als
695 2091 769 2126 dem
784 2093 829 2127 im

142 2126 349 2171 Hauptsatze
385 2132 663 2177 gleiehgeordnet
694 2138 769 2178 dar,
801 2150 828 2174 s.

142 2175 196 2215 44,
224 2177 275 2211 22,
307 2178 346 2216 2,·
372 2181 426 2217 45,
454 2181 506 2221 12,
535 2183 593 2218 1ος
619 2183 663 2215 ib.
690 2186 743 2225 34,
776 2188 823 2220 10.

140 2238 184 2242 —
209 2219 377 2254 Romanis
392 2236 422 2265 q.
450 2224 494 2257 ist
510 2227 593 2259 nach
621 2231 825 2263 circumses-

139 2267 187 2295 sis
212 2265 435 2311 hinzugesfigt
460 2281 515 2303 um
531 2272 676 2306 Perseus
699 2286 825 2319 gegen—

140 2309 360 2353 iibergestellt
384 2325 424 2347 zu
440 2316 584 2350 werden.
611 2339 653 2343 —
680 2322 824 2354 ab-re-

139 2360 260 2399 creat„
289 2358 359 2401 vgl.
386 2362 438 2401 29,
473 2364 524 2404 18,
552 2366 608 2397 14:
641 2372 823 2401 recreatus

139 2412 221 2433 —eoe
234 2404 459 2446 vulneribus;
486 2409 516 2447 2,
543 2411 598 2451 50,
626 2412 683 2444 10:
710 2417 822 2456 respi—

137 2448 445 2492 randiapavore;
460 2454 513 2491 21,
530 2455 583 2496 26,
600 2458 630 2489 5.
657 2476 693 2480 -—
712 2461 818 2500 prim.

137 2502 166 2522 ο.
181 2491 313 2535 fuerat,
341 2506 498 2537 gewesen
514 2503 614 2542 ware,
641 2501 733 2536 hatte
747 2505 818 2537 sein

135 2536 257 2575 sollen;
301 2539 353 2572 die
388 2541 588 2588 Bedingung
630 2547 673 2580 ist
704 2555 819 2584 unter-

907 1639 1039 1674 driickt.
1063 1662 1109 1667 —
1133 1648 1174 1676 ut
1195 1646 1279 1679 nach
1291 1649 1448 1690 primum
1461 1649 1594 1695 fuerat,

906 1686 1059 1730 dagegen
1090 1689 1133 1722 im
1160 1690 1253 1735 Folg,
1281 1692 1365 1726 nach
1399 1697 1593 1730 seeundum

905 1731 964 1765 der
976 1732 1135 1777 lnfinifiv,
1160 1737 1228 1779 vgl.
1244 1738 1312 1773 Cic.
1327 1738 1368 1772 de
1381 1739 1591 1786 imp.Pomp.

906 1779 958 1815 21,
974 1780 1035 1812 62ε
1063 1782 1150 1822 qnid
1165 1787 1237 1814 cam
1252 1786 1466 1825 inauditum,
1483 1799 1590 1830 quam

905 1826 1056 1865 equitem
1073 1825 1169 1860 Hom.
1186 1831 1420 1872 triumphare.
1449 1852 1489 1857 —
1503 1836 1592 1876 quid

905 1872 976 1901 tam
999 1872 1221 1915 inusitatum,
1244 1885 1350 1916 quam
1365 1881 1405 1909 ut
1418 1882 1495 1918 etc„
1518 1880 1591 1923 vgl.

902 1914 936 1947 L.
965 1916 1018 1956 27,
1044 1918 1099 1956 33,
1126 1920 1145 1951 9
1172 1929 1201 1951 u.
1217 1930 1246 1952 a
1271 1940 1316 1945 --
1342 1926 1512 1965 itt—non,
1531 1936 1587 1959 um

901 1959 954 1992 die
969 1960 1135 2005 Negation
1150 1975 1191 1997 zu
1215 1965 1334 2000 beben.
1360 1985 1405 1993 —
1418 1973 1587 2014 utcumq.‚

901 2006 921 2048 ξ
950 2008 979 2047 7,
1005 2018 1044 2040 zu
1072 2011 1126 2049 32,
1151 2012 1182 2053 3,
1209 2013 1245 2054 43
1272 2013 1326 2053 29,
1355 2016 1406 2056 15,
1432 2017 1460 2049 1.
1489 2018 1586 2050 —li-

901 2062 980 2094 cern,
1014 2063 1044 2086 n.
1078 2057 1126 2098 ei,
1153 2066 1181 2090 c.
1209 2059 1272 2096 36,
1298 2061 1328 2093 6.
1360 2078 1405 2084 -
1431 2072 1586 2106 propere

898 2095 988 2130 kann
1014 2110 1056 2132 zu
1082 2111 1208 2135 acc-ess.
1240 2113 1273 2137 u.
1299 2115 1340 2137 zu
1365 2108 1462 2139 misit
1486 2118 1584 2151 gezo-

898 2153 961 2185 gen
978 2145 1125 2180 werden.
1152 2167 1197 2172 —
1221 2153 1301 2182 acea
1325 2154 1420 2194 passt
1435 2153 1586 2198 weniger

896 2198 937 2221 zu
962 2192 1348 2236 serius-postulabat,
1383 2207 1459 2237 man
1493 2199 1581 2233 kann

895 2234 1017 2269 daraus
1038 2237 1205 2280 adducta,
1229 2245 1325 2274 mota
1340 2242 1485 2282 denken‚
1509 2246 1580 2289 vgl.

896 2282 926 2322 7,
953 2283 1006 2323 37,
1035 2285 1072 2316 6:
1099 2284 1285 2324 confestim
1309 2290 1416 2329 signa
1440 2295 1536 2323 mota
1551 2310 1580 2315 —

895 2329 1027 2369 raptim
1053 2331 1177 2370 agitur
1202 2342 1342 2374 agmen,
1367 2334 1437 2377 vgl.
1455 2337 1578 2378 31‚21‚

893 2373 924 2404 4.
958 2392 1000 2396 -
1026 2378 1199 2417 αηιευεη.,
1231 2377 1316 2411 auch
1349 2389 1417 2412 von
1451 2379 1579 2417 Sallust

892 2417 1097 2462 gebi-auem,
1133 2432 1195 2454 vor
1230 2422 1290 2456 der
1325 2424 1480 2459 Ankunst
1517 2427 1577 2462 der

891 2461 1053 2497 Phalanx.
1374 2478 1378 2485 ’

936 2511 1035 2543 5—-8,
1059 2513 1244 2553 prr'morib.
1272 2525 1339 2556 eq„
1354 2516 1424 2559 vgl.
1438 2520 1575 2558 c.58,9.

888 2572 931 2578 —-
958 2557 1051 2588 inter
1076 2567 1119 2598 q.,
1144 2567 1173 2590 c,
1200 2557 1254 2600 57,
1280 2562 1310 2593 9.
1344 2580 1387 2585 —
1420 2564 1492 2604 aiv-5,
1517 2566 1573 2608 26,
