1779 2893
74 110 79 113 ·
137 109 165 129 a.
186 101 240 129 Ch.
261 101 320 129 172.

557 89 684 123 LIBER
709 89 870 124 xxxxn.
919 89 1014 123 CAP.
1045 91 1169 124 11.12.
1544 85 1596 124 77

139 213 247 248 terea
268 208 489 254 iuventute,
513 220 631 259 quam
653 207 819 260 stirpem
840 207 959 258 longa
981 220 1056 260 pax
1080 207 1266 253 ediderit,
1289 207 1432 246 florere
1456 206 1600 259 opibus

138 265 268 318 regni,
291 266 434 305 florere
456 265 573 305 etiam
596 271 733 305 aetate.
777 278 877 318 quae
899 277 989 304 eum
1013 265 1194 317 corporis
1218 264 1362 304 robore
1384 277 1428 304 ac
1450 264 1601 304 viribus

137 323 289 376 vigeat,
318 323 495 364 animum
525 335 611 363 esse
643 324 906 363 inveteratum
936 323 1088 362 diutina
1119 329 1201 362 arte
1231 330 1348 375 atque
1381 335 1453 361 usu
1493 322 1598 362 belli.

138 381 216 422 iam
237 381 329 422 inde
351 395 372 421 a
393 393 518 434 puero
541 382 665 434 patris
687 381 953 421 contubernio
970 380 1161 420 Romanis
1183 393 1344 433 quoque
1366 380 1495 429 hellis,
1518 393 1600 419 non
1622 387 1641 418 7

138 439 335 479 finitumis
354 445 509 479 tantum
531 439 752 488 adsuetum,
773 439 940 479 missum
960 452 982 479 a
1003 445 1114 492 patre
1136 438 1177 477 in
1202 438 1476 491 expeditiones
1496 438 1599 478 mul-

137 503 199 537 tas
218 497 437 550 variasque.
478 497 557 537 iam
578 511 623 537 ex
646 511 725 551 quo
750 498 835 550 ipse
857 497 1073 550 accepisset
1098 508 1290 547 regnum,
1324 496 1467 543 multa,
1499 509 1600 549 quae
1620 503 1640 536 8

138 567 220 595 non
243 555 302 603 vi,
326 567 408 595 non
423 555 514 595 dolo
532 555 756 608 Philippus,
779 555 910 595 omnia
928 562 1128 608 expertus,
1152 555 1345 607 potuisset
1363 554 1509 602 moliri,
1532 555 1599 594 ad-

136 612 319 653 mirando
341 625 476 653 rerum
499 626 686 653 successu
708 614 897 653 tenuisse.
939 613 1154 653 accessisse
1175 612 1221 652 ad
1243 612 1346 651 vires
1368 624 1453 651 eam
1467 644 1476 660 ,
1500 625 1600 665 quae
1622 618 1642 652 9

137 670 259 723 longo
281 677 461 724 tempore
484 671 619 711 multis
640 672 875 724 magnisque
892 671 1045 710 meritis
1065 677 1286 724 pareretur,
1309 670 1597 710 auctoritatem.

137 727 237 768 Nam
257 730 362 782 apud
385 729 571 769 Graeciae
602 735 722 782 atque
745 730 858 769 Asiae
889 729 1067 768 civitates
1086 728 1214 768 vereri
1244 728 1490 767 maiestatem
1514 729 1600 768 eins
1621 731 1670 768 12

138 799 291 827 omnes.
333 800 407 827 nec
429 800 502 840 pro
526 787 672 840 quibus
693 788 859 837 meritis,
882 800 954 840 pro
988 800 1065 839 qua
1086 786 1361 826 munificentia
1391 793 1543 826 tantum
1567 787 1601 825 ei

136 845 348 894 tribuatur,
378 858 567 892 cernere,
599 858 671 885 nec
695 846 825 885 dicere
849 858 923 898 pro
946 851 1054 884 certo
1076 857 1217 897 posse,
1247 851 1383 884 utrum
1414 843 1601 884 felicitate
1623 855 1642 887 2

137 902 176 942 id
199 903 369 956 quadam
391 903 476 943 eius
497 904 670 949 accidat,
702 917 774 950 an,
811 903 917 956 quod
940 903 1024 955 ipse
1059 909 1238 942 vereatur
1267 903 1422 949 dicere,
1456 902 1600 942 invidia

137 960 325 1001 adversus
341 961 543 1002 Romanos
559 962 732 1001 favorem
750 961 805 1000 illi
823 961 1022 1000 conciliet.
1057 961 1159 1000 inter
1177 961 1287 1013 ipsos
1303 973 1465 1012 quoque
1486 972 1603 1012 reges
1623 972 1642 1004 3

137 1018 345 1070 ingentem
366 1020 623 1068 auctoritate,
648 1019 804 1059 Seleuci
827 1019 945 1058 filiam
969 1019 1125 1058 duxisse
1149 1031 1253 1064 eum,
1277 1031 1358 1057 non
1383 1024 1600 1071 petentem,

138 1107 248 1140 quam
283 1099 466 1141 primum,·
516 1101 665 1130 iamiam
705 1100 833 1141 proxi-

136 1153 253 1184 mum;
279 1146 352 1176 iam
376 1144 517 1187 pridem
543 1155 649 1178 verm.

184 1191 286 1224 6—8.
323 1189 469 1224 Perseus
495 1190 540 1224 ist
558 1190 752 1234 personlich
779 1190 832 1223 ein

137 1245 180 1268 zu
205 1235 424 1270 sfirchtender
449 1236 595 1279 Gegner.
631 1256 676 1261 —
701 1238 834 1276 llorere

136 1281 182 1315 ist
194 1281 281 1316 nach
295 1281 361 1315 den
382 1282 653 1316 verschiedenen
667 1282 831 1324 Objecten

135 1327 359 1362 verschieden
387 1339 429 1362 zu
454 1328 612 1369 nehmen‚
640 1340 666 1362 s.
697 1331 751 1372 39,
778 1331 834 1369 47,

137 1375 168 1408 9.
194 1393 240 1399 —
265 1376 411 1415 iuvent„
437 1385 463 1408 s.
480 1377 534 1418 39,
561 1377 617 1417 24,
643 1377 675 1417 3,
690 1375 761 1419 vgl.
779 1377 833 1414 32,

137 1422 170 1462 3,
196 1422 226 1455 2.
259 1440 304 1445 —
337 1432 429 1464 quae
454 1421 516 1454 auf
539 1425 639 1454 aetas
665 1425 751 1455 statt
777 1421 837 1454 auf

136 1466 286 1500 Perseus
322 1467 499 1511 bezogen,
547 1470 708 1500 animum
753 1468 834 1501 aber

137 1523 271 1556 corpus
302 1513 659 1557 gegeniibergestellt,
695 1514 765 1558 vgl.
802 1516 833 1553 2,

137 1560 193 1601 30,
224 1561 279 1593 14:
312 1561 437 1602 vigent
470 1561 707 1603 conpar-ibn&
740 1563 774 1602 9,
800 1562 832 1601 3,

136 1609 170 1640 5.
194 1624 241 1630 —
265 1606 342 1640 rob.
369 1617 412 1638 ac
438 1608 517 1649 vitu,
542 1607 575 1639 in
602 1606 711 1639 voller
738 1606 832 1640 Man-

137 1651 310 1695 neskraft‚
345 1653 400 1693 29,
440 1655 468 1694 1,
501 1654 539 1696 23
566 1654 622 1695 28,
649 1654 703 1694 21,
731 1654 762 1686 9.
788 1673 834 1676 —

137 1701 263 1738 iuvet„
301 1698 374 1731 hier
412 1697 518 1732 durch
553 1699 655 1742 lange
687 1699 835 1742 Uebung

137 1743 298 1787 erstarkt,
317 1744 387 1788 vgl.
402 1745 458 1786 28,
473 1747 530 1785 43,
548 1748 576 1779 1.
602 1765 647 1770 —-
674 1757 694 1777 a
707 1756 834 1788 puero,

138 1793 194 1831 31,
220 1792 277 1832 28,
302 1793 338 1829 5;
366 1792 422 1833 38,
441 1793 472 1834 5,
489 1794 540 1825 10.
568 1811 612 1816 —
639 1792 834 1833 contubern,

138 1836 225 1870 nach
251 1836 571 1881 romAuffassung.
597 1857 642 1862 —
667 1840 753 1880 iam,
776 1837 836 1871 der

138 1882 274 1927 gleiche
298 1882 436 1927 Anfang
460 1884 523 1917 mit
557 1884 578 1928 ξ»
614 1886 652 1926 ἲ,
684 1885 730 1918 ist
763 1884 836 1917 hier

137 1929 208 1963 wol
234 1928 330 1963 nicht
353 1929 598 1974 beabsichtigt‚
625 1930 694 1974 vgl.
722 1941 751 1964 c.
784 1932 836 1973 12,

138 1977 158 2009 Ἰ
193 1986 227 2009 u.
262 1976 294 2010 9.
319 1995 365 2001 -
399 1978 570 2019 tenuisse,
609 1987 635 2010 s.
664 1978 695 2019 2,
722 1978 778 2019 42,
804 1978 836 2018 2,

138 2021 210 2066 vgl.
236 2023 292 2063 39,
318 2023 396 2064 3,2.
422 2041 468 2046 —
491 2033 626 2066 parer„
653 2033 681 2056 c.
703 2025 834 2066 61,1Ο;

140 2069 174 2110 6,
188 2069 291 2110 25,6.
319 2086 360 2092 —
387 2072 540 2106 auctor„
569 2069 730 2113 Geltung,
756 2069 836 2102 Ein-

139 2113 244 2153 fluss‚
278 2123 305 2146 s.
340 2113 407 2147 Cic.
439 2113 481 2148 de
518 2115 600 2158 imp.
627 2114 748 2158 Pomp.
784 2117 836 2157 10,

140 2161 204 2198 28;
235 2161 286 2202 15,
312 2161 369 2194 43.
418 2159 485 2193 Der
514 2159 595 2194 Satz
628 2160 738 2194 hildet
770 2161 835 2196 den

139 2205 347 2250 Uebergang
371 2216 449 2238 zum
474 2206 557 2250 folg.
584 2206 715 2240 Theile.

185 2250 245 2287 12.
275 2254 337 2285 1-—
342 2254 389 2285 7..
403 2252 550 2286 Perseus
564 2253 624 2286 hat
639 2263 677 2286 so
691 2263 835 2297 grossen

139 2297 289 2332 Einssuss
337 2298 393 2332 bei
441 2299 554 2332 vielen
604 2300 835 2342 auswartigen

140 2343 295 2388 Staaten,
321 2343 402 2378 dass
423 2344 499 2378 eine
515 2345 737 2389 Verbindung
762 2345 836 2379 der-

141 2389 259 2424 selben
286 2390 349 2424 mit
373 2390 442 2424 ihm
469 2402 511 2424 zu
536 2391 694 2425 ffirchten
719 2392 774 2426 ist.
793 2412 834 2416 —-

142 2435 243 2480 apud
266 2447 373 2477 muss,
398 2447 501 2471 wenn
514 2436 569 2471 die
585 2437 691 2471 Stelle
712 2438 837 2481 richtig

141 2482 197 2523 ist,
219 2483 731 2526 :ingenommenwerden,wie
742 2484 842 2527 apud

141 2527 249 2562 sehon
274 2528 309 2562 in
331 2528 392 2562 SC.
419 2529 461 2564 de
480 2529 620 2564 Bacch:
652 2531 753 2574 apud
783 2541 839 2563 ae—

144 2573 222 2607 dem
248 2575 453 2617 Duelonai,·
478 2587 547 2610 von
573 2576 699 2610 Terent
734 2576 839 2611 Andr.

143 2621 176 2663 2,
205 2623 235 2663 1,
261 2621 301 2659 2;
327 2619 395 2655 Cic.
422 2621 517 2656 Verr.
544 2625 576 2663 4,
603 2625 657 2663 22,
687 2625 744 2665 48,
769 2623 839 2667 vgl.

905 1097 991 1130 Non.
1026 1099 1113 1137 522,
1150 1098 1287 1140 spater,
1326 1097 1511 1130 besonders
1548 1097 1601 1130 bei

905 1143 1057 1185 Tacitus,
1073 1143 1189 1187 hfiufig
1207 1143 1395 1186 gebraucht
1412 1142 1508 1186 wird,
1532 1144 1603 1187 vgl.

905 1190 938 1223 L.
974 1192 1028 1229 45,
1068 1192 1099 1232 5,
1137 1193 1173 1223 5:
1217 1191 1348 1222 nobilis
1385 1189 1484 1229 fama
1524 1194 1603 1222 erat

906 1236 1136 1279 apndomnes
1154 1235 1326 1268 Graeciae
1338 1238 1511 1274 civitates,
1531 1236 1601 1280 vgl.

905 1284 925 1325 ξ
959 1285 978 1316 6
1012 1283 1069 1315 ad.
1120 1282 1166 1315 Da
1202 1281 1256 1314 die
1292 1282 1347 1315 Hs.
1381 1294 1472 1322 non,
1508 1283 1604 1316 nicht

905 1339 992 1361 ‘nam
1008 1329 1076 1369 hat,
1103 1339 1141 1361 so
1168 1328 1245 1362 liest
1266 1328 1407 1372 Madvig
1422 1339 1493 1361 non
1515 1337 1602 1372 apul

905 1375 1118 1408 Macedones
1147 1379 1297 1417 tantum,
1323 1375 1386 1407 sed
1411 1379 1498 1418 aput
1525 1380 1604 1417 etc.,

904 1421 991 1455 doch
1025 1422 1070 1455 ist
1105 1421 1148 1453 im
1176 1421 1273 1464 Folg.
1301 1421 1394 1454 nicht
1434 1432 1500 1454 von
1537 1422 1600 1455 den

903 1467 1144 1501 Macedoniern
1191 1467 1330 1507 (andere
1368 1467 1603 1502 Verhaltnisse

904 1514 1041 1547 beriihrt
1084 1513 1207 1557 Polyb.
1250 1516 1314 1553 26,
1363 1517 1415 1554 5),
1454 1514 1602 1548 sondern

905 1571 968 1593 nur
1001 1571 1068 1593 von
1101 1560 1350 1593 Griechenland
1383 1559 1451 1593 und
1486 1561 1602 1602 Asien,

906 1608 926 1649 ς’
969 1608 1079 1641 1-2
1129 1607 1174 1639 1111
1224 1606 1461 1650 Allgemeinen
1512 1607 1602 1641 (131111

905 1652 1090 1686 eliiastisch
1118 1653 1138 1696 ξ
1166 1655 1255 1686 3-4
1281 1664 1350 1686 von
1377 1653 1452 1686 dem
1484 1653 1603 1688 letzte-

905 1710 982 1739 ren,
1017 1699 1038 1743 ξ
1073 1699 1124 1733 51.
1164 1710 1232 1732 von
1266 1698 1515 1733 Grieclienland
1549 1700 1604 1735 die

906 1745 1009 1779 Rede.
1052 1766 1093 1770 —
1134 1746 1472 1787 cernere—dicere,
1512 1747 1603 1780 chia-

907 1791 1031 1831 stiscl1;
1065 1791 1154 1825 ohne
1190 1804 1236 1833 se,
1263 1803 1290 1825 s.
1317 1795 1372 1828 40
1399 1794 1453 1832 36,
1481 1794 1519 1831 2;
1547 1795 1602 1835 23,

911 1841 962 1881 10,
978 1841 1008 1873 6.
1035 1857 1079 1862 -—
1103 1838 1200 1878 s'elc'c.
1227 1838 1347 1881 quodq
1354 1840 1445 1909 qvgl.
1472 1841 1527 1880 29,
1549 1841 1603 1878 26

907 1888 940 1919 5.
965 1885 1147 1918 ——invzssd
1176 1884 1269 1925 adiu,
1300 1895 1326 1918 s.
1354 1886 1386 1926 2,
1399 1864 1468 1928 ὗ33,
1498 1888 1531 1923 1;
1559 1886 1603 1919 11).

907 1933 963 1971 59,
992 1933 1029 1965 1;
1059 1935 1237 1963 certamen
1255 1933 1460 1964 animatum
1478 1932 1603 1965 adver·-

907 1988 966 2010 sus
993 1981 1090 2011 sonst
1116 1977 1211 2010 mehr
1236 1977 1290 2011 bei
1317 1978 1416 2017 sides,
1444 1981 1510 2017 lus,
1528 1981 1603 2022 pie-

910 2027 962 2057 tas
996 2034 1030 2057 u.
1066 2025 1095 2058 a.
1153 2023 1223 2056 Nur
1257 2023 1340 2056 kurz
1369 2024 1453 2057 wird
1479 2035 1518 2058 so
1544 2024 1604 2059 der

909 2070 1107 2114 wichtigste
1121 2069 1237 2103 Grund
1264 2069 1323 2102 der
1336 2069 1539 2115 Zuneigung
1561 2081 1603 2105 zu

909 2116 1054 2149 Perseus
1092 2116 1161 2149 und
1198 2115 1257 2149 der
1291 2116 1416 2149 Furcht
1448 2128 1511 2150 vor
1545 2117 1604 2150 der

907 2161 1135 2195 Uebermacht
1169 2161 1228 2195 der
1252 2162 1397 2203 Romer,
1433 2162 1486 2196 fiir
1511 2163 1604 2197 diese

907 2208 968 2241 das
1003 2208 1200 2251 wichtigste
1226 2208 1334 2242 Motiv
1369 2219 1445 2242 zum
1482 2209 1604 2254 Kriege

907 2254 1059 2295 beriihrt‚
1084 2265 1110 2288 s.
1138 2265 1166 2287 0.
1194 2257 1226 2296 5,
1254 2257 1284 2288 6.

955 2303 1054 2334 3-4.
1100 2303 1196 2344 ipsos
1221 2312 1341 2343 quoq.,
1366 2303 1397 2343 S,
1429 2304 1480 2342 12,
1507 2304 1544 2337 9:
1571 2305 1603 2345 3,

908 2348 962 2384 21,
988 2349 1020 2380 4.
1046 2367 1089 2371 --
1118 2349 1253 2389 sugent.
1282 2351 1390 2389 auct„
1415 2358 1440 2382 s.
1468 2350 1500 2388 4,
1524 2352 1556 2391 6,
1570 2352 1601 2392 5,

907 2402 943 2425 es
969 2392 1055 2425 wird
1070 2395 1292 2426 auctoritate
1308 2404 1380 2425 esse
1400 2404 1519 2433 verm„
1546 2406 1602 2428 wo

911 2439 992 2471 aber
1025 2450 1104 2471 eum
1138 2439 1182 2471 im
1214 2439 1310 2483 Folg.
1345 2440 1439 2473 nicht
1472 2440 1604 2476 minder

911 2484 1049 2518 stOrend
1076 2484 1121 2518 ist
1146 2485 1196 2518 als
1221 2485 1256 2518 in
1282 2485 1340 2519 der
1375 2486 1449 2520 hds.
1475 2487 1603 2528 Lesart,

911 2541 988 2563 man
1013 2535 1188 2564 erwartet:
1217 2535 1310 2565 auct.
1338 2543 1444 2565 esse—
1456 2533 1602 2568 duxisse

911 2587 983 2609 non
1011 2580 1075 2610 etc.
1103 2596 1143 2601 —
1172 2576 1325 2619 Selene-2,
1352 2580 1406 2620 37,
1430 2581 1472 2614 41
1500 2590 1532 2613 u.
1560 2591 1602 2623 a.,

911 2622 970 2656 dei
995 2622 1196 2667 Vorganger
1224 2623 1284 2658 des
1309 2624 1498 2660 Antiochus
1523 2626 1603 2670 Epi-
