1779 2893
104 87 133 107 a.
153 79 205 107 Ch.
228 79 284 106 ¹84.
357 103 361 108 .

576 67 701 101 LIBER
726 67 874 102 XXXIX.
923 68 1017 103 CAP.
1043 71 1098 104 36.
1503 63 1551 102 71

105 185 330 237 clutamque
365 196 437 237 per
468 190 605 235 gentes
627 184 876 237 disciplinam
899 185 1069 237 Lycurgi
1101 184 1306 225 sublatam.
1348 185 1445 224 haec
1466 196 1554 223 cum
1577 191 1595 223 5

107 243 260 296 Appius
282 242 453 288 dixisset,
476 242 679 293 Lycortas,
703 250 741 282 et
761 242 851 294 quia
874 249 1033 294 praetor
1056 248 1094 282 et
1110 243 1199 294 quia
1220 242 1556 294 Philopoemenis,

104 300 279 341 auctoris
299 300 490 346 omnium,
514 312 614 351 quae
636 299 929 339 Lacedaemone
951 305 1034 339 acta
1060 301 1229 352 fuerant,
1256 300 1439 340 factionis
1461 305 1556 345 erat,

105 358 157 398 ita
179 357 405 410 respondit:

223 414 455 464 ¹„Difficilior
477 413 605 461 nobis,
629 416 700 466 Ap.
727 413 874 463 Claudi,
893 415 996 466 apud
1018 427 1086 454 vos
1104 415 1227 454 oratio
1251 421 1321 462 est,
1340 426 1455 466 quam
1478 413 1558 452 Ro·
1579 418 1599 451 6

106 485 192 513 mae
221 485 351 525 nuper
381 472 484 522 apud
507 480 686 511 senatum
718 472 804 511 fuit.
846 478 942 512 tunc
970 473 1074 511 enim
1100 472 1420 512 Lacedaemoniis
1442 483 1558 511 accu-
1580 478 1597 509 7

105 529 285 570 santibus
306 529 629 582 respondendum
652 535 756 577 erat3
788 542 897 569 nunc
917 542 938 569 a
960 529 1068 569 vobis
1089 530 1187 581 ipsis
1213 529 1383 569 accusati
1407 541 1557 576 sumus,

105 588 211 641 apud
234 600 334 640 quos
355 599 471 626 causa
494 594 553 625 est
575 586 752 626 dicenda.
791 600 907 639 quarn
929 587 1178 639 iniquitatem
1197 587 1443 626 condicionis
1466 585 1559 625 sub·
1581 592 1600 625 8

107 646 210 685 imus
231 645 294 685 illa
317 657 400 697 spe,
423 644 564 684 iudicis
580 645 713 684 animo
729 652 767 684 te
782 645 1009 684 auditurum
1032 657 1119 684 esse
1139 645 1266 696 posita
1289 644 1558 690 contentione,

108 715 184 755 qua
206 702 324 754 paulo
346 708 436 742 ante
458 702 583 753 egisti.
625 714 698 753 ego
721 708 840 749 certe,
863 715 953 742 cum
976 715 1032 750 ea,
1056 715 1155 754 quae
1177 708 1216 742 et
1236 702 1301 741 hic
1322 708 1434 741 antea
1456 700 1560 753 apud

105 760 153 808 Q.
177 760 387 801 Caecilium
402 764 440 799 et
455 765 591 811 postea
607 759 754 799 Romae
771 761 899 811 questi
916 766 1008 799 sunt
1023 759 1337 808 Lacedaemonii,
1355 772 1375 798 a
1388 766 1425 798 te
1443 758 1561 811 paulo

107 825 199 858 ante
220 818 340 857 relata
362 817 452 863 sint,
470 830 551 856 non
569 817 653 865 tibi,
670 817 736 856 sed
756 818 832 857 illis
855 830 916 857 me
938 818 1041 870 apud
1065 825 1100 857 te
1123 817 1366 870 respondere
1389 816 1558 856 credam.

107 875 265 916 caedem
288 874 444 914 obicitis
470 887 629 923 eorum,
662 875 729 926 qui
760 889 778 915 a
801 874 1112 927 Philopoemene
1140 882 1321 927 praetore
1344 873 1491 913 evocati
1513 873 1558 912 ad
1582 878 1603 911 9

107 945 265 974 causam
301 932 505 972 dicendam
535 932 733 972 interfecti
765 939 870 972 sunt.
913 934 990 972 hoc
1022 946 1094 983 ego
1124 933 1273 972 crimen
1301 945 1378 971 non
1403 931 1520 970 modo
1543 943 1563 970 a

108 990 240 1039 vobis,
264 990 442 1035 Romani,
465 990 532 1029 sed
556 1003 605 1029 ne
628 990 732 1042 apud
755 1003 824 1030 vos
847 990 1004 1042 quidem
1029 990 1144 1030 nobis
1166 990 1419 1029 obiciendum
1441 989 1563 1027 fuisse

108 1048 292 1088 arbitror.
332 1047 428 1099 quid
449 1045 532 1086 ita?
555 1048 645 1098 quia
669 1048 708 1086 in
731 1054 860 1087 vestro
884 1048 1041 1087 foedere
1065 1054 1169 1095 erat,
1203 1054 1246 1087 ut
1267 1047 1473 1087 maritimis
1496 1058 1564 1085 ur-

109 1106 225 1145 bibus
249 1105 495 1145 abstinerent
511 1105 823 1144 Lacedaemonii.
856 1118 935 1157 quo
953 1113 1132 1157 tempore
1155 1105 1273 1145 armis
1291 1106 1415 1157 captis
1432 1103 1565 1149 urbes,
1590 1108 1626 1140 10

105 1176 128 1203 a
150 1162 296 1216 quibus
317 1161 515 1202 abstinere
537 1162 632 1201 iussi
657 1170 782 1210 erant,
806 1169 1004 1202 nocturno
1027 1163 1178 1215 impetu
1201 1168 1509 1214 occupaverunt,
1533 1160 1565 1200 si

108 1221 153 1260 T.
177 1219 401 1268 Quinctius,
427 1219 459 1258 si
482 1220 677 1260 exercitus
699 1219 914 1269 Romanus,
937 1221 1040 1260 sicut
1060 1227 1186 1265 antea,
1220 1221 1259 1260 in
1285 1220 1562 1271 Peloponneso

107 1278 262 1326 fuisset,
285 1290 330 1317 eo
354 1277 541 1317 nimirum
565 1278 666 1329 capti
689 1284 727 1317 et
747 1278 927 1330 obpressi
950 1278 1246 1329 confugissent3
1272 1290 1361 1317 cum
1384 1290 1452 1315 vos
1474 1288 1567 1330 pro·
1591 1282 1627 1315 11

109 1335 174 1376 cul
190 1335 341 1383 essetis,
365 1347 444 1387 quo
461 1334 550 1384 alio,
568 1335 642 1374 nisi
661 1336 707 1374 ad
725 1348 812 1383 nos,
831 1336 961 1375 socios
979 1343 1143 1384 vestros,
1167 1348 1268 1387 quos
1286 1341 1397 1374 antea
1415 1333 1566 1386 Gytheo

108 1406 225 1446 opem
248 1394 431 1435 ferentes,
455 1405 555 1444 quos
577 1392 915 1433 Lacedaemonem
932 1393 1137 1433 vobiscum
1155 1393 1271 1432 simili
1295 1393 1340 1432 de
1359 1404 1474 1431 causa
1497 1390 1567 1430 ob-

108 1457 332 1504 pugnantes
354 1450 549 1496 viderant,
573 1449 868 1502 confugerent?
890 1463 963 1503 pro
986 1451 1095 1490 vohis
1123 1451 1244 1502 igitur
1265 1450 1413 1489 iustum
1435 1449 1569 1501 pium-
1592 1454 1631 1488 12

109 1522 189 1561 que
211 1508 358 1548 bellum
381 1507 643 1559 suscepimus.
678 1509 783 1559 quod
807 1521 895 1547 cum
918 1508 980 1547 alii
1004 1508 1178 1554 laudent,
1202 1507 1495 1559 reprehendere
1520 1518 1569 1545 ne

158 1599 257 1633 5—8.
284 1596 672 1640 Philop.—factioni3,
698 1597 802 1640 praef.

111 1647 141 1679 3.
159 1643 274 1684 factio
289 1643 362 1677 hier
379 1654 461 1676 nur:
482 1643 665 1686 politische
680 1643 803 1680 Partei

110 1690 180 1733 vgl.
219 1691 274 1731 38,
300 1691 354 1731 32,
380 1691 410 1723 8,
448 1709 493 1712 -
528 1689 705 1732 respond„
751 1690 804 1723 die

110 1736 203 1770 Rede
232 1736 277 1770 ist
303 1735 397 1769 wohl
422 1745 484 1768 aus
508 1734 630 1779 Polyb.
666 1746 805 1778 genom-

109 1793 200 1824 men,
217 1782 341 1815 dessen
358 1780 577 1824 Darstellung
594 1781 705 1815 dieser
722 1781 751 1813 V
755 1792 806 1815 er-

110 1828 287 1871 handlung
310 1827 466 1861 verloren
485 1836 665 1870 gegangen
690 1828 744 1861 ist.
760 1848 804 1852 —

111 1886 134 1908 a
158 1875 318 1907 vobis—
335 1873 434 1916 apud
457 1884 555 1916 quar,
581 1884 620 1907 so
647 1873 725 1908 dass
752 1875 804 1907 ihr

110 1919 288 1963 Anklager
299 1919 369 1953 und
381 1919 521 1953 Richter
538 1919 695 1962 zugleich
713 1920 804 1957 seid:

112 1966 212 2010 apud
226 1966 293 1999 wie
318 1965 340 2009 ξ
358 1967 396 2003 ὃς
421 1965 566 2007 iudicis,
591 1976 619 1999 c.
647 1967 806 2008 25,1.—

112 2014 306 2055 iniquitat„
331 2011 636 2045 nachdrficklicher
670 2012 720 2045 als
746 2012 806 2045 das

115 2058 274 2100 Adjectiv
294 2084 301 2099 ,
339 2057 406 2100 vgl.
447 2057 513 2091 Cic.
552 2057 660 2091 Deiot.
700 2060 731 2094 2.
758 2061 778 2092 4
799 2072 804 2091 :

113 2115 154 2137 re
191 2106 285 2136 enim
321 2105 485 2146 iniquum
521 2107 573 2136 est
608 2123 652 2127 —-
689 2105 808 2137 dicere

114 2150 214 2194 apud
225 2160 305 2183 eum
318 2149 361 2182 de
372 2148 550 2191 facinore,
565 2153 691 2183 contra
706 2152 807 2183 cuius

115 2198 226 2230 vitam
263 2195 451 2229 eonsilium
485 2194 665 2234 facinoris
701 2198 808 2228 inisse

113 2252 274 2285 arguare
290 2251 462 2284 —grave
486 2244 546 2274 est.
574 2260 620 2264 —
645 2245 810 2283 content„

116 2288 171 2322 die
195 2287 387 2331 Hestigkeit
412 2287 472 2321 des
497 2286 707 2330 Anklagers,
738 2287 806 2330 vgl.

117 2336 149 2376 8,
163 2336 218 2376 33,
233 2336 262 2368 5.
284 2333 397 2377 pizulo
416 2345 460 2375 a.,
477 2333 512 2366 in
530 2332 729 2377 Beziehung
750 2333 809 2367 aus

116 2380 172 2414 die
197 2379 403 2423 Gegenwart
435 2379 496 2413 des
530 2378 727 2421 Redeuden,
753 2381 807 2414 21.

117 2428 173 2468 43,
200 2427 230 2460 2.
256 2436 331 2459 non
357 2427 440 2468 tibi,
474 2425 634 2468 obgleich
668 2426 713 2459 du
739 2425 808 2458 die—

119 2471 239 2506 selben
260 2471 442 2514 Anklagen
467 2471 694 2514 vorgebracht
720 2472 807 2505 hast.

164 2519 287 2552 9—12.
337 2517 398 2550 Die
431 2517 565 2551 Achaer
596 2518 715 2551 hatten
749 2517 810 2550 das

121 2562 230 2597 Recht
254 2563 324 2598 und
348 2563 402 2596 die
428 2562 550 2596 Pssicht
585 2563 639 2597 dje
665 2563 812 2597 Laceda-

875 1598 1006 1631 monier
1024 1608 1065 1630 zu
1083 1596 1496 1639 bekriegen.—e1·oeati‚
1515 1597 1570 1637 38,

876 1643 1068 1686 33.—quid
1091 1646 1154 1685 ita,
1181 1645 1234 1678 27.
1250 1645 1304 1679 34.
1326 1645 1571 1684 13.—vestro,

875 1690 935 1723 das
953 1690 1005 1722 ihr
1022 1689 1081 1722 mit
1102 1689 1165 1722 den
1184 1688 1471 1722 Lacedamoniern
1491 1687 1572 1721 oder

875 1736 981 1769 Nabis
1008 1735 1230 1778 geschlossen
1249 1735 1342 1768 habt.
1371 1737 1424 1771 34,
1448 1736 1500 1767 35.
1528 1754 1572 1758 —

873 1785 915 1814 ut
938 1784 1058 1814 marit.
1085 1785 1149 1814 etc.
1176 1781 1219 1814 ist
1246 1781 1370 1814 vorher
1406 1781 1498 1813 nicht
1533 1790 1570 1813 so

874 1828 1047 1861 bestimmt
1074 1827 1124 1860 als
1154 1828 1208 1860 ein
1233 1826 1366 1860 Artikel
1400 1826 1459 1860 des
1491 1825 1573 1859 Ver-

878 1880 990 1917 trages
1016 1874 1230 1908 bezeichnet.
1261 1884 1286 1906 s.
1314 1875 1368 1908 35.
1395 1875 1446 1907 13.
1471 1874 1501 1905 2.
1529 1891 1572 1897 -

876 1924 1016 1953 noctur.
1052 1922 1146 1963 imp„
1189 1921 1242 1960 38,
1270 1921 1322 1953 30.
1363 1938 1404 1942 —-
1440 1921 1574 1959 nimir„

878 1967 966 2000 ohne
992 1966 1119 1999 lronie:
1147 1964 1502 1998 selbstverstandlich.
1528 1983 1574 1988 —-

878 2023 941 2092 ficei-7
947 2011 1364 2100 tSitaidltessezugmilftfiiehli)
1369 2010 1574 2089 οξὶίἓῐὲὸἒῑιίκιξ

877 2105 990 2147 hung
1027 2104 1086 2137 aus
1110 2103 1163 2137 die
1185 2103 1313 2145 jedoch
1339 2102 1493 2145 sogleich
1520 2102 1573 2135 die

877 2160 954 2193 pers
939 2142 1092 2183 onliche
1123 2149 1255 2192 folgt.—
1273 2149 1420 2192 Gytheo,
1451 2150 1504 2185 35
1523 2149 1574 2189 13,

879 2199 909 2230 3.
936 2216 980 2219 —
1003 2196 1124 2237 simili,
1150 2200 1214 2229 etc.
1239 2197 1293 2231 34
1309 2193 1395 2228 2sff
1423 2214 1468 2218 —
1494 2204 1576 2226 con-

877 2241 1009 2284 fuger„
1031 2253 1062 2275 n.
1079 2241 1208 2274 damals
1233 2241 1353 2274 hatten
1377 2240 1425 2273 sie
1448 2240 1576 2273 ssiehen

879 2287 1007 2329 sollen‚
1034 2286 1238 2321 Potentialis
1272 2286 1330 2319 der
1356 2285 1578 2328 Vergangen-

878 2333 960 2369 heit.
986 2343 1010 2366 s.
1040 2336 1070 2375 5,
1087 2335 1117 2373 7,
1136 2335 1161 2366 1.
1182 2352 1226 2356 —
1245 2334 1325 2364 inst.
1349 2333 1484 2374 piumq.
1520 2333 1575 2373 42,

879 2381 933 2414 23,
959 2381 990 2412 6.
1016 2398 1062 2403 ——
1086 2380 1223 2421 repr-elz.
1259 2382 1322 2410 etc.
1350 2377 1454 2412 Prisc.
1486 2380 1516 2413 7.
1543 2380 1575 2417 5,

882 2427 922 2459 16
948 2427 1070 2468 p.737,
1098 2424 1157 2457 der
1183 2423 1308 2466 auch§
1335 2424 1354 2456 2
1372 2424 1482 2457 Areus
1506 2422 1577 2457 und

879 2470 1076 2503 Alcibiades
1117 2469 1273 2502 erw'ahnt
1289 2496 1296 2506 ,
1346 2469 1479 2503 scheint
1522 2469 1576 2503 die

882 2515 989 2550 Stelle
1008 2515 1101 2548 nicht
1120 2525 1230 2558 genau
1255 2514 1365 2548 citiert
1385 2525 1424 2549 zu
1443 2515 1577 2549 haben:

882 2562 979 2605 quod
995 2563 1130 2595 Areum
1156 2564 1190 2594 et
1205 2561 1416 2594 Alcibiaden
1442 2572 1487 2594 ne
1510 2561 1579 2594 La-
