1747 2844
245 97 320 136 116

639 97 763 130 LIBER
790 97 947 131 XXXXH.

996 97 1088 130 CAP.
1118 99 1172 132 35.
1199 99 1252 131 36.

1515 116 1541 134 a.
1561 114 1589 133 u.
1610 107 1670 134 583.

240 214 384 269 gittarii
407 236 460 241 ——
486 213 660 252 incertus
688 225 894 256 numerus,
926 219 1113 264 quantum
1144 212 1269 264 rogati
1301 211 1441 251 auxilia
1466 211 1672 251 Cretenses

200 279 216 308 τ
239 271 434 309 misissent
458 293 524 316 -,
550 270 736 309 Numidae
767 270 858 309 item
890 270 1041 321 equites
1072 269 1360 321 elephantique.

1412 269 1451 308 in
1485 281 1569 308 eam
1590 281 1671 308 rem

239 327 356 378 legati
377 327 420 365 ad
439 327 681 365 Masinissam
699 326 1120 378 Carthaginiensesque
1136 326 1243 365 missi
1262 326 1304 364 L.
1323 326 1549 366 Postumius
1567 325 1672 365 Albi-

242 397 315 423 nus
346 382 388 429 Q.
423 383 632 422 Terentius
664 384 798 423 Culleo
831 384 870 423 C.
902 383 1083 422 Aburius.

1148 383 1186 422 in
1220 383 1370 422 Cretam
1403 383 1496 422 item
1525 383 1673 434 legatos

241 447 318 480 tres
340 441 395 479 ire
417 440 576 493 placuit,
600 444 641 480 Α.
660 441 906 480 Postumium
924 440 1109 479 Albinum
1126 439 1166 478 C.
1183 440 1399 480 Decimium
1418 441 1461 479 Α.
1478 440 1670 479 Licinium

240 498 416 537 Nervam.

171 558 220 594 36

359 554 430 593 Per
462 555 562 593 idem
596 561 748 606 tempus
778 554 891 605 legati
924 554 971 593 ab
1002 566 1093 603 rege
1115 553 1258 592 Perseo
1289 560 1492 593 venerunt.

1545 566 1612 592 eos
1634 553 1672 592 in

241 612 428 664 oppidum
459 612 664 651 intromitti
695 625 775 650 non
798 611 963 664 placuit,
997 622 1088 650 cum
1108 610 1183 649 iam
1208 610 1353 649 bellum
1375 610 1457 661 regi
1480 623 1615 650 eorum
1639 616 1675 649 et

200 679 219 710 ‘2
240 669 518 708 Macedonibus
541 675 574 707 et
599 676 757 707 senatus
779 669 972 708 decresset
997 674 1031 707 et
1054 667 1225 720 populus
1247 667 1437 707 iussisset.
1478 667 1518 706 in
1541 668 1674 706 aedem

241 725 424 765 Bellonae
447 726 486 764 in
509 733 687 764 senatum
709 726 923 764 introducti
947 726 995 764 ita
1017 724 1132 764 verba
1155 725 1353 763 fecerunt:
1380 724 1513 763 mirari
1536 724 1676 763 Persea

201 793 220 823 3
242 795 387 834 regem,
411 783 502 834 quid
527 783 565 821 in
589 782 855 822 Macedoniam
879 783 1074 821 exercitus
1095 781 1349 834 transportati
1374 787 1526 829 essent;
1549 781 1580 820 si
1605 781 1678 820 im·

243 840 385 892 petrari
418 852 436 877 a
469 846 606 879 senatu
638 846 792 891 posset,
824 846 867 878 ut
890 840 914 878 ii
940 844 1183 886 revocentur,
1215 850 1347 888 regem
1371 838 1418 877 de
1438 838 1613 881 iniuriis,
1646 838 1676 877 si

242 910 337 948 quas
369 897 483 935 sociis
514 897 631 936 factas
663 903 937 948 quererentur,

201 965 219 995 4
242 967 337 992 esse.

243 1011 312 1050 Cn.
335 1010 483 1049 Sicinio
516 1011 552 1049 in
585 1018 721 1049 senatu
754 1017 846 1050 erat.

980 896 1168 935 arbitratu
1200 901 1361 934 senatus
1391 895 1676 935 satisfacturum

389 953 454 1005 Sp.
480 953 668 992 Carvilius
698 955 742 992 ad
776 966 858 992 eam
888 954 1010 1006 ipsam
1043 965 1123 991 rem
1155 965 1198 991 ex
1231 952 1392 991 Graecia
1423 952 1610 991 remissus
1631 952 1677 991 ab

898 1011 929 1049 is
951 1009 1225 1049 Perrhaebiam
1258 1015 1517 1061 expugnatam
1547 1009 1678 1057 armis,

242 1067 462 1107 Thessaliae
484 1067 632 1118 aliquot
653 1068 770 1107 urbes
786 1074 932 1120 captas,
956 1074 1099 1112 cetera,
1123 1079 1221 1118 quae
1239 1072 1303 1106 aut
1325 1073 1456 1117 ageret
1478 1072 1545 1105 aut
1567 1078 1679 1118 para-

203 1138 221 1168 5
242 1130 299 1163 ret
320 1138 387 1163 rex
402 1156 410 1171 ,
441 1137 529 1163 euni
552 1132 753 1176 argueret,
787 1125 1026 1177 respondere
1048 1125 1094 1163 ad
1119 1136 1162 1162 ea
1183 1123 1298 1174 legati
1320 1123 1428 1162 iussi.
1469 1129 1678 1175 postquam

243 1182 504 1227 haesitabant,
537 1189 725 1232 negantes
746 1182 818 1220 sibi
842 1181 941 1220 ultra
965 1182 1176 1233 quidquam
1201 1180 1426 1219 mandatum
1448 1193 1553 1228 esse,
1584 1180 1680 1219 iussi

242 1239 468 1278 renuntiare
482 1239 562 1290 regi
582 1238 785 1278 consulem
802 1239 843 1277 P.
860 1239 1057 1277 Licinium
1075 1238 1180 1276 brevi
1203 1250 1291 1276 cum
1315 1237 1485 1276 exercitu
1504 1237 1679 1276 futurum

204 1308 222 1337 6
243 1296 281 1334 in
300 1296 523 1335 Macedonia
543 1308 646 1334 esse:
671 1296 716 1334 ad
740 1308 841 1340 eum,
864 1296 895 1334 si
918 1295 1140 1334 satisfacere
1163 1295 1202 1333 in
1225 1294 1355 1333 animo
1375 1300 1488 1341 esset,
1510 1294 1679 1333 mitteret

245 1353 415 1404 legatos3
448 1352 611 1391 Romani
643 1354 746 1404 quod
779 1359 981 1405 praeterea
1002 1352 1194 1398 mitteret,
1228 1364 1308 1390 non
1341 1364 1446 1390 esse:
1481 1351 1680 1390 neminem

205 1422 222 1453 τ
246 1422 379 1449 eorum
403 1423 473 1461 per
493 1409 642 1448 Italiam
672 1411 727 1448 ire
750 1410 961 1449 liciturum.

245 1499 379 1538 aume'l.,
413 1509 439 1531 s.
466 1500 518 1537 21,
557 1500 611 1536 60,
638 1501 676 1536 4;
704 1500 756 1539 39,
784 1501 838 1538 31,
868 1500 926 1535 15ς

244 1544 380 1583 addita,
406 1544 447 1576 ist
475 1543 557 1576 nach
585 1544 660 1577 dem
677 1544 769 1587 Folg.
785 1554 846 1576 nur
870 1543 927 1577 der

243 1589 435 1623 Beschluss.
463 1608 506 1613 —
533 1589 673 1631 Ligur..
698 1592 750 1628 21,
767 1591 820 1629 22,
837 1591 867 1623 2.
885 1608 927 1613 -

246 1635 594 1676 Ce·etens.‚41,25,·..
622 1655 661 1659 ——
689 1634 848 1675 Nztmid.,
874 1637 928 1676 35,

248 1683 296 1715 11.
320 1683 350 1714 4.
376 1699 419 1705 -
445 1683 480 1712 1'72
507 1692 580 1712 eum
597 1693 636 1721 ν.,
663 1691 731 1714 s.c.
749 1682 802 1721 29,
828 1683 858 1714 4.
885 1700 928 1704 —

245 1727 333 1758 Post.
348 1737 376 1759 c.
396 1729 423 1759 1.
443 1746 470 1749 -
487 1725 620 1758 Terent.
636 1728 689 1768 39,
706 1728 930 1763 32.-Αὐηι·.,

243 1771 335 1805 viell.
349 1772 407 1804 der
432 1771 481 1804 als
496 1771 732 1804 Miinznieister
757 1772 929 1805 erwa'hnte

250 1817 282 1850 C.
330 1818 485 1849 Aburius
525 1817 706 1852 Geminus.
743 1816 927 1850 llominsen

248 1863 284 1895 G.
299 1862 329 1896 d
348 1864 429 1895 roni.
445 1862 521 1894 Mw
548 1864 627 1899 521:
656 1862 729 1895 CIL.
756 1863 779 1896 Ι.
799 1873 828 1895 n.
853 1864 929 1896 305.

247 1927 290 1932 -
317 1908 791 1951 Pos21171z..41,27;Poly.b
819 1910 871 1950 27,
899 1910 928 1941 3.

247 1954 451 1993 —Deciqm
477 1955 530 1991 -13
550 1933 598 1986 15.
625 1953 797 1985 -Ιιίοίιμ
803 1957 882 1994 ,41,
899 1957 928 1987 6.

292 1979 930 2034 36.1—7.Gesandtschast‹l'esl’<6

249 2046 323 2088 nigs
352 2045 503 2078 Perseus.

297 2093 406 2123 1-3.
448 2091 566 2132 legati,
600 2089 744 2133 Appian.
777 2090 931 2122 erwahnt

250 2137 334 2169 zwei
368 2135 690 2174 Gesainltschaften,
723 2135 776 2168 die
810 2136 929 2169 zweite

251 2182 334 2214 wird
362 2183 424 2215 wie
452 2181 500 2213 bei
529 2181 561 2213 L.
587 2191 646 2214 ans
664 2181 777 2214 italien
805 2182 930 2224 gewie-

250 2238 308 2260 sen
325 2238 355 2270 p.
379 2229 454 2261 266.
480 2246 523 2250 ——
549 2227 730 2269 oppidum,
755 2226 808 2259 die
823 2226 930 2267 Stadt,

250 2273 314 2305 wie
339 2272 443 2306 sehon
459 2271 511 2305 die
527 2271 742 2314 Erwahnung
758 2271 817 2305 des
832 2271 931 2305 Tem-

251 2318 322 2361 pels
357 2318 415 2351 der
449 2317 587 2350 Bellona
625 2317 820 2351 ausserhalb
858 2317 931 2350 der-

251 2364 366 2397 selben
393 2363 491 2406 zeigt,
518 2373 543 2396 s,
571 2374 598 2396 c.
626 2365 679 2403 20,
706 2365 743 2399 3;
770 2373 807 2396 so
827 2363 931 2396 heisst

252 2409 334 2442 anch
350 2409 458 2441 Athen
486 2409 666 2451 oppidum,
691 2409 821 2441 Cornel.
848 2408 930 2441 Mitt.

252 2457 282 2494 4,
312 2457 347 2491 3;
382 2454 498 2487 Them.
526 2457 556 2491 2,
582 2456 619 2491 ὃς
653 2454 719 2488 Cic.
747 2454 814 2486 Att.
841 2457 871 2495 3,
900 2457 916 2488 7

259 2503 290 2534 1:
324 2510 380 2532 zur
406 2499 513 2533 Saehe
549 2502 609 2542 33,
644 2501 697 2539 24,
730 2503 747 2532 5
776 2511 807 2533 n.
834 2510 861 2532 3.
890 2520 928 2523 —

250 2555 333 2588 pop.
355 2548 448 2586 [uss.,
474 2556 500 2578 c.
528 2547 581 2581 30.
601 2547 648 2578 10.
675 2565 720 2569 --
746 2548 780 2577 in
799 2557 828 2577 a.
845 2545 930 2578 Bell.

192 2597 194 2599 '
252 2592 289 2622 z'n
304 2592 453 2629 sen.,·21‚
479 2592 532 2626 49.
559 2594 587 2625 3.
614 2611 657 2615 -
684 2593 821 2629 mirari,
842 2590 930 2624 finde

1015 1409 1066 1448 ita
1098 1408 1268 1447 dimissis
1289 1408 1330 1447 P.
1354 1407 1504 1447 Licinio
1528 1408 1681 1447 consuli

998 1508 1033 1530 es
1059 1496 1251 1538 auffallend‚
1278 1507 1336 1529 zur
1351 1495 1457 1529 Sache
1483 1496 1552 1540 xgt.
1578 1507 1606 1530 c.
1627 1499 1681 1538 37,

998 1546 1029 1576 5.
1056 1562 1100 1566 —
1126 1553 1261 1582 ezerqc
1296 1553 1324 1576 c.
1351 1544 1404 1583 27,
1429 1544 1461 1576 8.
1487 1542 1682 1583 -3αίι.ς[’.,

998 1600 1023 1622 3.
1051 1600 1078 1621 c.
1106 1590 1159 1628 30,
1196 1590 1252 1631 1t;
1288 1588 1371 1621 nach
1404 1588 1480 1621 dem
1506 1587 1682 1621 Austreten

998 1634 1056 1667 des
1083 1633 1210 1677 Konigs
1241 1645 1270 1666 c.
1304 1635 1344 1666 25
1381 1636 1470 1666 ware
1505 1633 1565 1667 das
1591 1634 1684 1666 nieht

999 1690 1039 1712 zu
1055 1683 1220 1712 erwarten
1236 1689 1411 1722 gewesen3
1430 1679 1483 1712 die
1502 1678 1683 1722 spottende

999 1726 1208 1768 Abweisung
1233 1725 1291 1758 des
1306 1725 1447 1758 Senates
1473 1725 1494 1767 ξ
1520 1728 1559 1758 5:
1586 1726 1684 1757 brem·

1001 1771 1103 1813 zeigt,
1127 1770 1205 1804 dass
1231 1770 1350 1812 dieser,
1378 1770 1470 1803 nieht
1488 1770 1547 1803 der
1561 1769 1681 1813 Ko'nig‚

1000 1816 1064 1849 den
1090 1815 1190 1859 Krieg
1215 1816 1295 1848 will.

1045 1863 1144 1895 4—8.
1173 1860 1314 1902 Cat-vil„
1341 1861 1405 1893 wie
1420 1862 1473 1900 30,
1498 1862 1554 1900 42,
1578 1863 1616 1900 ὃς
1637 1860 1685 1892 ad

1001 1918 1076 1947 eam
1102 1910 1184 1947 eto,
1219 1917 1274 1939 um
1306 1906 1359 1939 die
1385 1906 1547 1949 nothigen
1574 1905 1685 1939 Nach-

1001 1952 1196 1995 weisungen
1231 1962 1272 1984 zu
1303 1951 1424 1995 geben.
1447 1970 1493 1976 -—
1521 1951 1684 1991 Graecia,

1001 1998 1120 2041 Epirus
1146 2010 1173 2030 c.
1199 2000 1259 2034 27;
1291 1999 1340 2031 18.
1375 2017 1419 2021 -—
1454 1998 1589 2038 Peru-lt„
1614 1996 1683 2040 vgl.

1000 2043 1153 2086 dagegen
1169 2054 1195 2076 c.
1212 2045 1264 2080 53,
1292 2046 1308 2077 7
1324 2043 1345 2075 f.
1373 2061 1416 2067 —
1441 2043 1550 2084 ultra,
1569 2052 1685 2075 ausser

1000 2089 1075 2122 dem
1103 2089 1224 2122 bereits
1239 2089 1420 2131 Gesagten.
1445 2108 1490 2112 --
1515 2090 1683 2121 nemin.-

1001 2135 1099 2174 le'cil„
1130 2134 1188 2167 der
1213 2144 1282 2168 ace.
1310 2145 1337 2167 c.
1362 2134 1420 2166 inf.
1446 2134 1490 2167 ist
1515 2143 1606 2166 zwar
1631 2133 1682 2166 bei

1001 2181 1086 2217 licit,
1126 2190 1223 2212 wenn
1247 2179 1307 2213 das
1333 2179 1484 2222 logische
1509 2178 1604 2220 Subj.
1631 2179 1683 2212 ein

1001 2226 1219 2269 allgeineines
1245 2225 1300 2258 od.
1324 2225 1384 2258 der
1398 2225 1497 2257 Dativ
1522 2224 1625 2257 leicht
1642 2235 1684 2257 zu

1001 2274 1165 2315 erganzen
1193 2272 1246 2312 ist,
1272 2281 1300 2304 s.
1314 2270 1380 2303 Cic.
1396 2269 1460 2302 Off.
1486 2272 1517 2311 2,
1549 2272 1596 2309 19,
1621 2272 1682 2307 sih

1000 2317 1100 2350 Tusc.
1140 2320 1174 2357 1,
1207 2318 1260 2357 38,
1294 2317 1352 2354 91;
1386 2315 1430 2348 ib.
1458 2318 1496 2356 5,
1534 2317 1594 2357 15,
1628 2317 1683 2356 44,

1001 2363 1092 2396 nicht
1117 2360 1389 2404 ungewohnlieh,
1415 2371 1456 2393 an
1483 2360 1578 2400 nst.
1605 2360 1684 2394 aber

999 2407 1191 2447 auffallend,
1218 2406 1294 2440 weil
1321 2406 1374 2439 die
1389 2417 1428 2443 zu
1444 2406 1520 2439 dem
1536 2406 1683 2439 Verbum

1001 2452 1192 2496 gehorende
1226 2452 1392 2495 Negation
1425 2462 1465 2484 zu
1499 2451 1580 2485 dein·
1601 2451 1683 2485 Pro-

1003 2509 1122 2532 nomen
1158 2507 1308 2540 gezogen
1344 2497 1386 2530 ist
1435 2501 1476 2530 st.
1501 2508 1572 2530 non
1607 2497 1683 2530 lici-

1001 2548 1068 2576 tur.
1097 2553 1323 2585 quemquam,
1355 2542 1515 2576 wodurch
1541 2542 1599 2576 der
1623 2553 1683 2576 un-

1001 2588 1167 2632 passende
1216 2587 1376 2622 Gedanke
1424 2588 1592 2622 entsteht:
1647 2598 1682 2622 es
