1779 2893
538 89 663 124 LIBER
687 90 823 125 XXXX.
874 90 968 125 GAP.
996 93 1027 125 4.
1054 93 1084 125 5.

104 110 132 131 a.
154 102 206 130 eh.
224 102 285 134 182.
1469 87 1548 126 119

98 207 228 260 vigilia
257 207 533 248 conscendunt
563 213 762 259 tamquam
793 207 958 247 redituri
995 208 1064 258 [in]
1102 206 1444 255 Thessalonicam;
1481 207 1551 247 sed

99 265 268 307 traicere
287 265 328 305 in
350 265 552 305 Euboeam
574 271 656 304 erat
677 266 940 317 propositum,
984 270 1159 304 ceterum
1177 266 1217 304 in
1233 265 1440 305 adversum
1456 277 1551 305 ven-
1575 271 1611 304 11

97 329 184 364 tum
204 324 325 375 nequi
358 335 447 362 uam
469 335 537 362 eos
555 323 764 363 tendentes
785 335 911 375 prope
933 329 1078 362 terram
1098 321 1166 362 lux
1186 322 1407 375 obpressit,
1432 329 1470 363 et
1489 335 1554 362 re-

100 381 174 433 gii,
208 380 275 433 qui
304 336 513 433 pissaeerant
534 380 735 420 custodiae
757 387 919 432 portus,
941 379 1116 419 lembum
1138 386 1329 419 armatum
1361 380 1407 420 ad
1430 386 1552 420 retra-

100 438 271 478 hendam
293 450 377 478 eam
400 438 527 477 navim
547 438 745 478 miserunt
762 450 853 477 cum
875 437 980 489 gravi
1003 437 1152 485 edicto,
1186 450 1235 477 ne
1258 443 1552 478 reverterentur

98 496 186 537 sine
207 508 264 535 ea.
307 508 397 535 cum
419 495 493 535 iam
515 495 903 548 adpropinquabant,
923 495 1036 534 Poris
1053 495 1213 546 quidem
1231 495 1277 534 ad
1295 495 1556 535 hortationem
1584 502 1624 536 12

99 553 295 605 remigum
319 560 608 604 nautarumque
630 554 806 592 intentus
829 558 922 601 erat3
946 553 1145 592 interdum
1168 565 1309 592 manus
1331 553 1376 591 ad
1400 553 1553 593 caelum

98 611 266 652 tendens
288 611 382 651 deos
396 643 405 659 ,
429 617 473 650 ut
494 611 644 650 ferrent
666 623 803 663 opem,
828 610 975 650 orabat.
1017 610 1127 649 ferox
1146 610 1306 649 interim
1336 610 1482 650 femina
1504 611 1551 650 ad
1575 618 1613 652 13

97 669 223 708 multo
240 675 331 708 ante
348 668 660 720 praecogitatum
678 669 855 708 revoluta
872 668 1026 707 facinus
1044 680 1238 707 venenum
1257 668 1372 707 diluit
1383 668 1552 707 serrum-

99 739 178 779 que
194 726 342 778 promit
358 732 397 766 et
410 727 542 778 posito
557 726 598 765 in
617 732 833 778 conspectu
845 726 989 778 poculo
1002 726 1230 777 strictisque
1242 724 1378 776 gladiis
1389 757 1404 775 „
1417 728 1550 765 mors“

97 783 229 836 inquit
258 797 366 832 „una
395 783 565 823 vindicta
597 790 666 823 est.
710 784 791 823 viae
813 784 860 822 ad
882 790 1050 823 mortem
1081 783 1152 822 hae
1175 790 1289 829 sunt;
1314 796 1390 835 qua
1412 796 1554 835 quem·
1579 791 1617 824 14

97 853 176 893 que
196 842 352 881 animus
371 842 464 888 sert,
489 841 648 893 effugite
670 841 897 893 superbiam
918 841 1080 893 regiam.
1123 841 1246 892 agite,
1279 841 1440 880 iuvenes
1463 841 1553 889 mei,

98 899 286 951 primum,
310 899 377 951 qui
400 899 570 938 maiores
592 899 700 948 estis,
723 900 851 950 capite
872 898 1021 938 ferrum
1046 903 1112 937 aut
1129 898 1282 937 haurite
1299 899 1503 951 poculum,
1522 898 1554 938 si

98 957 260 1008 segnior
292 969 399 996 mors
420 957 536 996 iuvat.
551 959 567 977 “
591 962 627 997 et
647 957 782 997 hostes
803 956 968 995 aderant
990 962 1028 996 et
1049 962 1186 996 auctor
1212 957 1349 996 mortis
1372 956 1554 996 instabat.

98 1014 162 1053 alii
193 1014 269 1054 alio
300 1015 378 1054 leto
409 1014 606 1067 absumpti
638 1014 889 1054 semianimes
920 1028 940 1053 e
972 1027 1067 1053 nave
1099 1014 1423 1066 praecipitantur.
1471 1014 1555 1066 ipsa
1580 1024 1618 1057 15

98 1071 241 1111 deinde
257 1072 387 1112 virum
404 1072 587 1112 comitem
604 1072 742 1111 mortis
760 1071 965 1124 complexa
982 1072 1023 1111 in
1040 1083 1147 1110 mare
1161 1084 1247 1110 sese
1260 1071 1413 1111 deiecit.
1459 1084 1554 1111 nave

97 1141 218 1169 vacua
240 1129 410 1168 dominis
431 1130 529 1182 regii
545 1128 666 1182 ‘potiti
689 1136 795 1170 sunt.

212 1186 342 1227 Huius
363 1188 548 1226 atrocitas
569 1187 757 1226 facinoris
788 1199 927 1226 novam
959 1187 1063 1226 velut
1095 1186 1288 1226 [lammam
1317 1186 1423 1238 regis
1453 1186 1552 1225 invi·
1579 1194 1603 1231 5

98 1244 185 1284 diae
205 1244 367 1292 adiecit,
398 1250 442 1284 ut
463 1245 579 1296 vulgo
610 1245 742 1296 ipsum
763 1244 990 1296 liberosque
1020 1251 1341 1291 exsecrarentur3
1374 1256 1475 1295 quae
1498 1244 1556 1283 di-

99 1365 145 1370 —-
169 1348 209 1378 in
246 1345 372 1388 Thes-³„
407 1345 460 1380 die
491 1346 651 1390 Praepos.
688 1347 791 1389 ware,

100 1401 204 1425 wenn
228 1391 302 1425 sich
327 1392 414 1426 auch
438 1392 494 1426 bei
513 1392 656 1426 Plautus
680 1393 792 1426 Aehn—

99 1437 208 1471 liches
233 1437 358 1479 findet,
394 1448 480 1482 ganz
506 1439 792 1482 ungew6hnlich3

100 1483 195 1517 viell.
222 1484 305 1517 inde
327 1484 492 1526 Thessal„
517 1485 585 1528 vgl.
614 1487 669 1526 42,
685 1487 738 1521 26,
755 1487 771 1517 't'
789 1500 795 1518 2

101 1530 187 1563 fiber
212 1529 266 1563 die
292 1530 392 1564 Form
418 1541 442 1564 s.
472 1533 525 1572 39,
542 1533 595 1570 2ῖ,
615 1534 642 1564 1.

151 1577 296 1610 11—15.
316 1578 353 1608 in
371 1577 451 1610 adv.
470 1588 513 1618 v.,
533 1576 609 1610 dem
628 1576 796 1620 widrigen

100 1621 225 1655 Winde
252 1627 433 1666 entgegen.
452 1623 575 1656 Lucan.
596 1625 627 1657 6.
644 1624 726 1656 472:
754 1625 792 1654 in

99 1671 244 1701 ventum
262 1671 423 1701 tumuere
438 1688 485 1692 —-
500 1672 612 1701 sinus.
630 1689 674 1693 —
689 1680 794 1712 prae-

100 1725 150 1747 εν.
177 1725 204 1747 c.
227 1718 335 1758 port„
360 1714 419 1748 der
443 1713 552 1748 Hasen
581 1725 651 1748 von
676 1716 793 1748 Aenea

101 1760 147 1794 ist
173 1760 247 1794 also
272 1760 362 1794 noch
387 1761 507 1794 immer
530 1761 695 1797 besucht.
722 1761 790 1804 vgl.

100 1816 144 1840 zu
169 1809 224 1849 45,
239 1808 293 1849 30,
312 1809 342 1840 4.
361 1827 406 1831 —-
422 1807 629 1840 retrahend.
655 1807 715 1841 das
740 1807 791 1840 hs.

94 1853 395 1895 pertrahendum,
422 1854 512 1886 w'are
531 1864 573 1886 an
596 1864 626 1887 u.
647 1852 710 1895 St„
735 1863 791 1886 wo

102 1898 159 1932 ein
185 1898 256 1932 Ziel
281 1899 375 1932 nicht
399 1899 603 1932 bezeichnet
629 1900 692 1934 ist.
723 1899 792 1942 vgl.

102 1946 276 1987 7,39,14;
300 1948 355 1987 30,
381 1947 431 1987 12,
453 1947 484 1987 2,
510 1945 604 1978 nicht
634 1945 791 1989 passend.

101 2010 146 2014 —
155 1993 275 2033 gravi,
290 1991 350 2025 das
364 1991 519 2024 schwere
531 1990 643 2025 Strase
660 1991 792 2032 drohte,

105 2038 135 2078 1,
149 2038 204 2079 44,
223 2039 249 2070 1.
270 2057 312 2061 -
332 2048 411 2070 cum
437 2039 459 2070 ἰ.
485 2038 635 2080 adprop.
654 2058 697 2061 —
716 2041 796 2070 erat

101 2101 148 2106 —
165 2084 276 2124 orab„
302 2082 521 2126 gleichzeitig
538 2083 700 2124 dauernd,
723 2083 791 2126 vgl.

103 2129 159 2170 36,
185 2131 269 2170 5,1;
296 2129 340 2162 ib.
367 2131 415 2171 15,
446 2131 457 2161 l
486 2140 518 2162 u.
538 2139 566 2162 a.
585 2131 793 2162 ——interim

103 2193 149 2198 —
174 2174 236 2207 dil.
262 2173 338 2217 fugt
365 2174 425 2207 das
451 2174 546 2217 Folg.
582 2175 631 2208 als
666 2175 793 2217 gleich-

103 2219 221 2263 zeitig<
242 2220 331 2254 ohne
356 2220 566 2263 Andeutung
600 2220 658 2253 der
683 2220 794 2254 Dauer

103 2277 136 2299 u.
161 2265 197 2299 in
221 2265 339 2310 Bezug
372 2265 432 2300 auf
460 2266 602 2309 quidem
635 2266 793 2309 zngleich

104 2311 156 2345 als
180 2311 373 2355 Gegensatz
408 2323 468 2354 an,
502 2312 571 2355 vgl.
599 2314 654 2354 41,
681 2315 730 2349 14.
757 2314 792 2351 1;

105 2360 160 2401 45,
175 2360 230 2401 37,
245 2361 282 2396 ’ῖς
299 2360 330 2399 4,
346 2360 401 2401 51,
416 2361 447 2392 4.
472 2378 518 2382 ——
542 2357 652 2397 ferooe
677 2359 743 2392 wie
765 2361 793 2397 1.

105 2405 206 2446 46‚o.
240 2423 286 2430 —
317 2405 366 2437 ad
397 2424 441 2428 —
474 2407 611 2447 intent„
645 2416 672 2438 c.
708 2405 793 2446 5‚2:

106 2451 161 2492 37,
176 2452 230 2493 31,
245 2452 276 2484 4.
302 2470 348 2474 —
371 2450 420 2483 ad
441 2461 487 2483 m.
511 2462 543 2483 α.
563 2462 699 2494 praec„
725 2451 793 2493 vgl.

107 2497 162 2539 39,
184 2497 239 2538 25,
261 2498 298 2530 8:
326 2500 474 2540 praeter
503 2500 580 2539 etc„
612 2497 696 2530 iiber
730 2496 795 2529 den

105 2540 332 2576 Pleonasmus
359 2553 386 2576 c.
415 2544 469 2584 23,
486 2545 524 2581 ὃς
549 2544 602 2577 38.
618 2545 649 2585 3,
665 2544 695 2582 8.
726 2542 794 2586 vgl.

108 2588 163 2629 39,
185 2590 240 2630 51,
261 2589 292 2622 8.
319 2607 363 2614 -
387 2588 508 2631 revoL,
540 2591 571 2631 4,
597 2590 648 2630 12,
677 2591 724 2622 10.
754 2608 798 2613 -

864 1347 1033 1388 vindic-ta,
1060 1357 1084 1379 5.
1113 1348 1166 1387 34,
1190 1348 1244 1387 49,
1265 1348 1293 1379 3.
1320 1366 1365 1369 —
1391 1348 1468 1378 tiae
1500 1346 1558 1387 ad,

865 1404 891 1426 c.
924 1394 972 1426 13
992 1394 1201 1426 1;31.13.”
1241 1412 1285 1415 -
1312 1403 1382 1435 qua
1408 1402 1558 1434 qztemq„

866 1432 1042 1472 entweder
1060 1449 1193 1480 qna—
1148 1455 1193 1467 =
1211 1442 1293 1471 utra
1313 1440 1370 1470 zia
1397 1438 1559 1480 effugere

864 1486 1080 1527 superbiam,
1107 1484 1188 1517 oder
1207 1495 1277 1526 qua
1303 1484 1365 1517 iszt
1393 1484 1470 1521 wie
1497 1483 1558 1517 auf

867 1531 999 1564 welche
1026 1529 1152 1565 Weise
1183 1530 1250 1573 xgl.
1278 1530 1364 1563 auch
1395 1533 1421 1571 1,
1446 1532 1500 1571 27,
1524 1532 1554 1564 6.

868 1597 911 1601 -
938 1580 1010 1618 aut,
1036 1576 1118 1609 oder
1144 1564 1241 1610 aucit
1268 1580 1302 1608 et
1324 1596 1368 1599 —
1395 1557 1437 1617 e't,
1463 1576 1556 1609 einer

863 1643 908 1647 ——
942 1622 1101 1656 anderers
1105 1623 1170 1655 eits
1225 1622 1348 1655 Beides
1386 1622 1556 1665 zugleich,

864 1668 933 1712 vgl.
961 1671 991 1704 3
1019 1670 1072 1702 33.
1100 1671 1137 1702 5:
1173 1659 1311 1712 etipse
1343 1669 1480 1701 aderat.
1512 1688 1558 1692 —

864 1718 991 1748 auctor
1027 1714 1081 1747 die
1128 1714 1227 1747 Form
1265 1717 1413 1747 auc-tria:
1449 1714 1555 1748 findet

864 1761 937 1794 sich
977 1760 1033 1794 bei
1078 1761 1240 1793 besseren
1285 1760 1557 1794 Schiiftstellern

864 1808 967 1841 nicht.
1028 1805 1089 1840 Bei
1115 1806 1237 1850 Polyb.
1273 1807 1315 1840 ist
1347 1807 1400 1840 die
1433 1807 1558 1840 Erz'ah-

864 1854 948 1896 lung
974 1852 1198 1896 ausgefallen.

910 1899 1044 1943 5—15‚
1071 1901 1100 1933 3.
1128 1898 1365 1932 Verhaltnisse
1392 1909 1445 1931 am
1473 1898 1557 1932 Hofe

865 1945 1031 1989 Philipps.
1095 1944 1217 1989 Polyb.
1261 1946 1315 1979 24.
1341 1947 1378 1979 S:
1399 1947 1418 1977 S
1438 1955 1461 1977 a.
1489 1946 1558 1986 (23,

916 2039 1010 2072 1—2.
1041 2037 1135 2069 velut
1151 2038 1200 2079 ll„
1227 2038 1279 2071 37.
1297 2038 1350 2071 31.
1366 2038 1385 2069 9
1413 2047 1444 2068 11.
1465 2046 1492 2069 a.
1513 2055 1557 2059 —

864 2084 977 2125 dirae,
1006 2084 1180 2117 1.59.13:
1210 2082 1281 2115 Pol.
1309 2093 1336 2115 e.
1365 2083 1402 2115 5:
1432 2084 1558 2126 τρίτον

864 2132 995 2169 (ausser
1021 2129 1080 2162 der
1105 2127 1380 2171 [ζε116151θάΙιΠις
1406 2127 1464 2160 der
1490 2127 1558 2160 Ka-

863 2175 1130 2209 stenbewohner
1166 2174 1236 2208 und
1275 2174 1333 2207 der
1367 2174 1562 2216 Gesangen-

864 2221 1038 2264 nehmung
1064 2221 1122 2254 der
1145 2220 1271 2253 Kinder
1297 2219 1356 2253 der
1382 2219 1562 2252 Ermorde-

866 2272 922 2300 ten
949 2278 975 2300 c.
1004 2269 1037 2304 3)
1073 2262 1109 2299 δ
1149 2280 1167 2308 r
1193 2263 1279 2308 τύχη
1312 2262 1431 2298 ὃοᾶιια
1464 2263 1558 2298 κατὰ

865 2325 931 2346 TO‘V
956 2324 1070 2345 αυτθν
1099 2324 1227 2344 καιθθν
1264 2313 1482 2365 επεισΤγαγΕ
1514 2323 1557 2344 το

865 2356 957 2391 κατὰ
990 2368 1072 2392 τους
1100 2356 1194 2390 υἱθύέ
1230 2377 1275 2381 —·
1299 2358 1340 2389 ἐν
1373 2354 1559 2390 Τοιαύταᾶς

867 2401 905 2436 ὃ
945 2401 1050 2458 οὔσης
1087 2400 1247 2444 ἀτυχίαις
1287 2405 1348 2434 καὶ
1384 2404 1559 2457 ταραχαῖς

868 2450 928 2491 τῆς
953 2461 1062 2482 αυτοὶ
1091 2459 1202 2493 ψῑχΤΞ
1227 2451 1279 2482 ῒίέ
1303 2461 1367 2481 Ουκ
1392 2462 1439 2481 αν
1468 2447 1557 2482 &lxd-

870 2506 940 2529 τως
956 2491 1134 2537 υπολάβοι
1157 2493 1260 2527 θεῶν
1281 2494 1428 2527 τινῶν
1455 2491 1556 2547 αυτιῖ

867 2541 978 2585 μῆνιν
1012 2551 1060 2573 ΕιΞ
1101 2552 1141 2573 ΥΟ
1179 2550 1290 2586 γΥΟας
1322 2538 1560 2594 κατασκήψαι

869 2584 928 2620 διὰ
960 2585 1023 2620 τὰς
1056 2585 1127 2619 έν“
1120 2587 1183 2631 τῷ
1214 2583 1451 2633 προγεγονότι
1485 2589 1558 2630 βίῳ
