1747 2844
562 564 568 584 1

524 631 915 686 VERZEICHNISS
955 633 1067 685 DER
1105 632 1369 697 STELLEN,

415 736 474 769 AN
501 736 646 768 DENEN
673 736 975 770 CONIECTL'REN
1001 736 1335 771 AUFGENOMMEN
1362 735 1487 769 SIND:

363 872 511 913 xxxlx.
538 874 568 913 2,
589 875 614 906 1.
656 872 689 906 C.
706 873 912 905 Flaminius
929 872 1102 915 Gelen.*),
1129 873 1324 906 Flaminius.
1351 874 1383 913 4,
1397 874 1427 906 2.
1454 874 1577 905 haberi
1595 873 1663 916 [iu-

224 918 359 960 berent]
386 918 452 960 Gr.,
478 918 595 951 haberi
620 917 785 952 iuberent.
813 921 842 952 5.
872 922 944 950 tum
968 919 1131 961 Fulvius,
1155 921 1187 950 si
1210 917 1331 960 Muret,
1357 918 1399 951 si.
1425 920 1455 953 8.
1476 929 1582 962 posse
1607 929 1662 951 ae-

224 966 285 1006 qui
310 964 394 1000 Gel.,
420 964 530 1007 aequi.
576 966 624 997 13.
650 975 686 995 se
712 968 744 996 et
768 964 851 1006 Gel.,
877 967 919 997 et.
964 967 1064 1000 5,14.
1091 965 1285 997 tetrachma
1309 963 1460 1006 Becker,
1486 963 1661 999 tetraeina.

224 1011 255 1046 6.
270 1013 300 1043 5.
326 1020 562 1042 successorem
587 1011 701 1051 ipsam
726 1009 793 1051 Kr.,
827 1020 1006 1043 successor
1031 1010 1113 1053 ipse.
1151 1012 1181 1051 7,
1202 1012 1226 1043 1.
1262 1011 1496 1042 tetrachmum
1519 1009 1661 1052 Becker,

224 1056 435 1088 tetracinum.
471 1055 515 1088 ib.
540 1057 570 1088 2.
598 1057 801 1088 centurioni
834 1055 966 1098 triplex:
991 1057 1028 1087 in
1054 1058 1206 1097 equites,
1232 1059 1266 1088 et
1288 1056 1504 1097 stipendium
1528 1055 1663 1098 dupleae

222 1100 287 1142 Dr.‚
313 1101 500 1134 centurioni
527 1104 561 1133 et
586 1100 795 1144 stipendium
814 1101 939 1144 duplex
964 1101 999 1134 in
1017 1101 1150 1144 pedites
1176 1100 1280 1143 dedit,
1308 1101 1430 1144 triplex
1454 1101 1490 1134 in
1515 1101 1661 1144 equites,

223 1147 266 1179 ih.
301 1148 353 1187 (in
378 1146 528 1188 pedites)
555 1145 677 1182 Duker,
704 1146 782 1189 Mg..
816 1147 850 1179 in
877 1146 1019 1189 pedites.
1071 1149 1100 1180 6.
1126 1146 1167 1179 L.
1193 1146 1277 1188 Gel.,
1304 1146 1361 1180 Cn.
1389 1149 1454 1188 8,6
1480 1149 1618 1180 animos
1641 1158 1663 1177 -x-

223 1195 257 1224 et
280 1203 354 1225 now
378 1191 502 1229 Duker,
528 1192 658 1225 animos
684 1195 715 1224 et
743 1203 819 1225 nox.
847 1194 910 1227 8.7
940 1194 1211 1234 testamentaque
1236 1191 1359 1231 Rover,
1386 1192 1661 1235 testimoniaque.

226 1239 321 1278 ll,2.
348 1241 514 1270 eoeeetrae
540 1237 589 1270 Fr.
619 1239 658 1279 1.,
690 1241 834 1270 exterae.
874 1239 925 1279 14,
949 1240 979 1270 4.
1007 1248 1050 1270 nc
1076 1238 1162 1280 quid
1187 1236 1270 1279 Gel.,
1305 1236 1386 1280 quid
1419 1237 1464 1270 ib.
1492 1240 1663 1280 cuiusque

222 1283 387 1326 Do‘ring.
424 1283 587 1327 quisque.
616 1284 775 1316 videt-ent
806 1284 872 1318 Gr..
903 1282 1028 1317 videre.
1071 1286 1121 1324 15,
1148 1285 1178 1316 2.
1209 1283 1364 1324 Quirites
1388 1282 1476 1324 Ald.,
1514 1283 1662 1327 quidem.

222 1330 253 1362 9.
286 1329 423 1371 vigiliis
454 1328 560 1365 Crev..
597 1328 730 1371 vigiles,
775 1331 823 1362 11.
855 1328 1000 1361 eductus
1034 1328 1141 1366 Grut..
1177 1328 1318 1361 edictus.
1367 1330 1419 1370 16,
1453 1330 1484 1362 3.
1514 1328 1666 1361 necdum

221 1374 273 1407 Fr.
301 1376 343 1415 2.,
369 1384 440 1407 nec.
468 1376 497 1407 6.
525 1385 673 1417 quoquc,
700 1374 749 1407 Fr.
778 1376 820 1416 2.,
848 1374 948 1417 quod.
980 1376 1029 1413 17,
1045 1377 1074 1408 6.
1100 1374 1146 1406 M.
1172 1377 1207 1406 et
1231 1374 1264 1407 G.
1289 1374 1434 1406 Atinios
1451 1373 1534 1417 Sig.,
1558 1385 1602 1407 m.
1628 1376 1663 1407 et

221 1420 242 1453 1.
271 1420 425 1453 eatinios.
457 1421 507 1458 18.
533 1422 559 1453 1.
585 1420 706 1452 multis
741 1422 907 1461 actiones,
933 1419 1016 1461 Gel.,
1050 1419 1178 1452 multae
1212 1419 1417 1453 sanctiones.
1453 1421 1483 1454 8.
1519 1420 1662 1452 duceret

220 1466 312 1503 A.sc.
337 1466 473 1499 duceret
500 1470 544 1498 et.
571 1467 601 1499 8.
628 1466 666 1498 id
691 1469 850 1498 omittere
867 1464 951 1507 Gel.,
978 1465 1011 1498 id
1036 1465 1216 1498 dimittere.
1249 1467 1297 1507 19,
1313 1467 1343 1499 6.
1370 1465 1482 1506 fieret.
1498 1476 1538 1498 ea
1551 1465 1602 1498 Fr.
1618 1466 1662 1507 2.,

223 1504 352 1544 fierent.
380 1522 418 1544 ea
444 1513 498 1546 21.
514 1513 578 1544 2u.
604 1514 633 1545 6
663 1511 696 1544 C.
721 1512 867 1543 Atinius
893 1510 976 1553 Sig.,
1010 1511 1166 1544 catinius.
1201 1511 1230 1544 6.
1257 1513 1296 1543 in
1319 1513 1546 1554 provinciam
1570 1513 1664 1543 ierat

222 1557 306 1599 Gel.,
332 1557 365 1589 in
396 1557 570 1628 piffloxincia
604 1561 684 1589 e1at.
725 1558 777 1598 22,
806 1559 831 1589 1
860 1557 977 1588 decem
1000 1569 1022 1586 ⁴<-
1057 1557 1251 1599 adparatos
1276 1555 1341 1598 W.
1376 1556 1491 1590 decem
1522 1556 1663 1600 adpara-

222 1606 285 1636 tos.
321 1604 374 1636 23.
458 1602 645 1643 lfraniziS,
672 1602 720 1635 Fr.
752 1606 790 1636 1..
817 1602 961 1635 aianius.
994 1603 1042 1636 12.
1065 1605 1209 1644 gentem
1234 1601 1284 1635 Fr.
1308 1603 1341 1635 2.
1346 1605 1511 1645 ᾘςθηῐεε
1550 1604 1605 1643 24,
1629 1603 1659 1635 9.

221 1651 395 1681 venerant
411 1648 554 1683 Crexier.
582 1649 747 1690 quierant.
779 1649 827 1681 14.
855 1648 1059 1688 aduentum,
1079 1648 1142 1689 Fr.,
1168 1647 1326 1681 aduentu.
1355 1649 1409 1689 25,
1426 1649 1456 1681 3.
1483 1647 1663 1690 Philippo-

216 1694 312 1736 polis
333 1693 469 1735 Tricca,
494 1694 664 1726 Phaloria
689 1697 723 1725 et
747 1694 975 1736 Eurymenae
1000 1693 1082 1729 Gel.,
1109 1693 1442 1736 philippopolistrica
1457 1693 1611 1737 phaloria
1628 1696 1663 1726 et

223 1749 438 1772 euronomen.
468 1742 497 1772 4.
518 1740 641 1772 aetolis
659 1740 828 1771 ademisse
847 1750 904 1771 eas
921 1739 1005 1779 Gel.,
1024 1738 1438 1772 etodisseacdimisisseea.
1465 1741 1496 1772 9.
1515 1749 1555 1771 eo
1573 1738 1660 1780 edd„

222 1785 255 1817 in
282 1795 332 1817 eo.
365 1787 413 1818 11.
440 1786 639 1825 Poetneum,
666 1785 715 1817 Fr.
732 1786 762 1825 2,
789 1795 967 1827 penneum.
996 1786 1092 1827 26,1.
1119 1786 1156 1816 in
1182 1785 1304 1817 Pieria
1329 1784 1379 1818 Fr.
1413 1788 1450 1827 1.,
1475 1784 1661 1828 imperinm.

225 1832 276 1864 14.
303 1833 502 1872 querantur
527 1830 577 1863 Fr.
593 1832 636 1867 2..
662 1830 901 1872 querebantur.
939 1832 992 1871 27,
1007 1832 1037 1863 4.
1070 1832 1145 1862 suis
1170 1831 1267 1872 quod
1289 1829 1391 1873 Mog..
1418 1830 1488 1864 suis
1514 1840 1592 1874 quo.
1629 1832 1660 1863 6.

222 1879 285 1908 aut
318 1878 444 1908 merito
471 1876 521 1908 Fr.
541 1878 583 1917 2.,
601 1876 733 1908 merito.
759 1877 812 1916 28,
832 1877 857 1908 1.
874 1875 1064 1908 Maronitis
1080 1875 1182 1918 Mog.,
1201 1876 1432 1909 maronitaniS.
1461 1877 1512 1909 11.
1532 1876 1663 1908 calum-

223 1924 304 1954 niae
329 1921 411 1957 Gel.,
438 1922 577 1964 peccine
603 1921 801 1954 calumniae.
830 1922 883 1955 29.
899 1922 927 1954 2
955 1923 992 1953 in
1018 1923 1158 1963 integro
1185 1921 1268 1962 Gel.,
1294 1921 1328 1953 in
1353 1921 1533 1963 integrum.
1560 1923 1614 1958 30
1630 1923 1660 1954 5.

222 1970 260 1999 in
283 1970 422 1999 stativis
449 1966 513 2002 W..
540 1967 722 2000 histativis.
754 1969 801 2000 12.
823 1948 958 1998 locatae
983 1966 1033 1999 Fr.
1049 1968 1092 2006 2..
1118 1966 1240 1999 locata
1268 1968 1320 2000 31.
1346 1969 1518 1999 sustineri
1541 1965 1660 2007 Periz„

223 2013 400 2046 sustineie.
432 2015 481 2046 11.
502 2015 686 2055 coactique
710 2012 760 2046 Fr.
777 2014 806 2054 2,
834 2012 952 2045 coacti.
986 2014 1033 2046 ls.
1052 2012 1173 2052 fibulis
1188 2011 1291 2055 Mog„
1319 2011 1452 2046 fistulis.
1481 2014 1535 2054 32,
1550 2013 1581 2046 8.
1606 2023 1662 2045 re-

219 2059 334 2101 pulsis
359 2058 423 2093 Gr
459 2058 595 2102 repulsi
623 2061 652 2092 8.
679 2069 792 2091 noras
817 2057 900 2092 Gel..
935 2068 1032 2091 1111115.
1058 2057 1103 2090 ib.
1144 2059 1192 2091 13.
1220 2060 1256 2090 vi
1279 2057 1480 2091 Claudiana
1504 2057 1589 2101 Gel.,
1622 2060 1661 2091 ut

223 2104 410 2138 claudiana.
438 2106 492 2146 34,
508 2107 537 2138 3.
565 2105 646 2137 inde
670 2103 736 2145 W,
762 2103 805 2136 id.
833 2105 887 2144 34,
902 2106 931 2137 5.
958 2106 1111 2136 scituros
1130 2114 1210 2145 esse,
1227 2105 1268 2145 si,
1293 2103 1383 2146 Ald„
1408 2103 1555 2137 scituros
1573 2113 1659 2137 esse.

223 2152 277 2186 35.
299 2152 328 2183 2.
356 2152 441 2193 quia
468 2153 583 2182 tamen
608 2149 709 2192 Mog..
745 2148 979 2192 quidumquia.
1014 2151 1043 2183 6.
1071 2159 1172 2189 usos5
1196 2159 1294 2181 nunc
1318 2149 1407 2190 edd.,
1442 2159 1543 2182 ausos
1569 2152 1660 2182 tunc.

224 2197 278 2237 36,
299 2197 329 2228 3.
359 2196 581 2238 Compasium
607 2196 713 2235 Crev.,
739 2194 830 2235 Drk.,
858 2195 1063 2228 conflictum.
1100 2196 1129 2229 8.
1157 2195 1299 2227 credam
1324 2195 1375 2228 Fr.
1406 2197 1444 2236 1.,
1470 2193 1659 2227 credebam.

224 2243 277 2281 37,
296 2243 346 2274 15.
372 2242 522 2274 Achaici
539 2241 605 2283 Gr.,
631 2241 757 2274 achaei.
774 2242 828 2281 38,
843 2242 872 2273 2.
902 2240 934 2273 C.
953 2241 1134 2272 Decimius
1150 2240 1286 2273 Flavus
1302 2240 1352 2273 Fr.
1374 2243 1412 2281 1.,
1437 2239 1587 2272 decimus
1602 2239 1661 2273 ssa-

223 2287 308 2319 11115.
339 2289 389 2320 11.
416 2289 455 2319 in
481 2287 636 2329 legiones
661 2287 727 2328 Gr.,
754 2286 918 2328 legiones.
944 2286 988 2319 ib.
1015 2286 1277 2328 discripsissent
1291 2285 1362 2324 Hz..
1387 2285 1658 2328 descripsissem.

224 2332 268 2365 ib.
296 2343 363 2375 quo
390 2332 469 2375 Mg.,
496 2333 596 2376 quod.
623 2334 723 2374 39,2.
753 2332 812 2365 Cn.
840 2331 997 2364 Sicinius
1021 2332 1071 2364 Fr.
1099 2333 1141 2372 2.,
1167 2330 1226 2373 (Μ)
1252 2330 1414 2364 sicilnius.
1441 2332 1543 2372 4o‚6.
1569 2331 1663 2363 idem

224 2378 274 2410 Fr.
295 2380 337 2419 2.,
364 2383 397 2411 et
414 2378 513 2411 idem.
540 2381 594 2419 41,
615 2381 639 2411 1.
661 2380 890 2421 prensantem
908 2377 1052 2420 Lipsius,
1078 2379 1301 2419 praesentem.
1329 2378 1383 2417 42,
1403 2378 1428 2410 l.
1456 2379 1490 2408 et
1514 2378 1662 2409 citerior

226 2423 275 2456 Fr.
303 2426 345 2465 2.,
380 2428 413 2456 et
439 2424 472 2456 in
499 2424 664 2457 citeriore.
709 2425 763 2463 42,
790 2426 819 2458 6.
846 2425 950 2455 motis
980 2425 1106 2454 senatu
1140 2422 1256 2463 Curio,
1290 2421 1393 2455 motis
1419 2432 1436 2454 e
1461 2424 1582 2459 senatu
1614 2421 1659 2455 ib.

295 2537 317 2561 ’1
338 2537 371 2561 In
392 2537 447 2562 wie
472 2537 541 2563 weit
560 2537 607 2563 die
626 2536 883 2568 Verbesserungen
910 2535 960 2562 des
980 2534 1116 2561 Gelenius
1143 2534 1218 2561 bloss
1243 2534 1295 2561 auf
1313 2534 1490 2568 Conjunctur
1515 2534 1587 2562 oder
1612 2534 1664 2560 auf

224 2569 455 2597 Handschriften
475 2571 614 2601 beruhen,
637 2571 710 2597 lasst
729 2570 791 2596 sich
810 2570 894 2596 nicht
914 2570 1014 2596 immor
1032 2569 1085 2596 mit
1104 2568 1269 2596 Sicherheit
1285 2569 1522 2597 unterscheiden.
