1747 2844
156 248 190 279 11
214 240 344 280 sideri.

153 532 192 564 13
213 525 318 577 quod
350 524 673 576 Hispani,=quo(l
708 523 826 569 Galli,

156 706 194 739 14
213 698 272 736 vix
303 696 367 735 inv
371 697 639 736 61116113111115.ιι

216 64 296 103 162

651 64 777 98 LIBER
801 64 935 99 XXXX.
985 63 1077 97 CAP.
1105 65 1157 97 27.
1184 65 1237 97 28.

1491 80 1517 99 a.
1539 79 1567 99 u.
1586 72 1646 98 573.

212 184 299 231 bus,
310 182 527 222 latronibus
540 181 668 220 verius
676 193 792 232 quam
799 179 978 220 hostibus
990 179 1115 227 iustis,
1124 179 1344 218 Romanum
1352 178 1566 218 exercitum
1579 177 1649 216 oh-

381 251 488 290 ..quo
507 251 573 277 ore
591 238 798 290 quisquam
813 243 999 285 vestrum,
1021 237 1053 276 si
1079 237 1171 276 hinc
1187 237 1315 275 alieno
1336 235 1544 286 praesidio,
1567 248 1647 275 non

213 303 336 336 vestra
353 296 495 335 virtute
513 295 724 343 evaseritis,
747 299 940 339 occurret,
959 306 1038 333 non
1057 293 1142 333 dico
1161 294 1217 333 eis
1231 293 1434 340 militibus,
1457 293 1524 344 qui
1542 292 1649 332 Han-

213 354 395 401 nibalem,
418 353 485 404 qui
502 353 742 404 Philippum,
762 352 831 404 qui
851 351 1102 399 Antiochum,
1124 351 1312 389 maximos
1334 350 1470 390 aetatis
1491 355 1649 389 nostrae

155 417 194 449 12
216 423 329 461 reges
346 411 558 461 ducesque,
576 409 765 457 vicerunt,
784 409 851 448 sed
868 408 928 459 iis,
940 408 1007 459 qui
1023 409 1096 447 hos
1113 409 1220 460 ipsos
1231 408 1398 459 Ligures
1413 407 1649 458 aliquotiens

212 480 403 520 pecorum
419 469 534 506 niodo
559 467 753 518 fugientes
775 478 846 518 per
867 465 988 504 saltus
1010 465 1136 504 invios
1158 465 1370 504 consectati
1392 462 1649 503 ceciderunt?

870 522 974 574 quod
1004 522 1239 562 Macedones
1268 521 1438 561 Poenive
1469 533 1549 560 non
1579 534 1649 560 au-

215 583 342 631 deant,
367 582 594 633 Ligustinus
616 581 739 620 hostis
759 580 901 620 vallum
922 579 1143 619 Romanum
1166 579 1291 627 subit,
1314 578 1466 618 obsidet
1486 578 1590 617 ultro
1613 583 1652 617 et

215 613 434 703 obpugnat?
454 651 569 690 quem
587 645 809 678 scrutantes
826 643 915 676 ante
933 637 1065 676 devios
1081 637 1202 676 saltus
1219 610 1392 675 abditum
1409 641 1447 674 et
1466 635 1650 675 latentem

691 696 736 734 ad
777 696 873 734 liaeo
901 694 1155 733 consentiens
1184 692 1419 751 reddebatur
1447 691 1652 744 [militum]

217 755 385 802 clamor,
408 753 553 792 nullam
576 753 741 791 militum
765 752 921 803 culpam
943 763 1039 794 esse,
1065 751 1208 803 quibus
1230 747 1346 790 nemo
1368 750 1415 789 ad
1438 762 1651 801 erumpen-

154 820 192 852 15
214 813 307 850 dum
337 812 494 861 signum
518 810 706 849 dedisset:
731 810 839 848 daret
859 809 1039 860 signum;
1063 808 1357 847 intellecturum
1380 807 1537 846 eosdem
1552 838 1561 853 ,
1583 807 1650 858 qui

154 873 328 909 25311163
351 867 520 916 fuerint,
544 873 582 906 et
602 867 802 906 Romanos
825 872 863 905 et
883 866 1049 917 Ligures
1071 878 1169 905 esse.
1211 864 1308 904 Bina
1332 864 1388 903 cis
1412 871 1568 903 montes
1588 877 1652 903 ca-

216 933 293 965 stra
315 926 504 976 Ligurum
527 930 650 964 erant.
684 937 729 963 ex
751 924 798 963 iis
819 923 957 975 primis
979 923 1116 962 diebus
1137 922 1220 962 sole
1242 927 1327 960 orto
1349 920 1497 973 pariter
1516 933 1653 960 omnes

175 991 193 1023 2
215 982 422 1034 compositi
445 988 482 1020 et
502 982 686 1021 instructi
716 980 1002 1032 procedebant;
1034 988 1117 1020 tum
1140 979 1215 1019 nisi
1238 977 1411 1018 exsatiati
1433 978 1520 1017 cibo
1542 978 1653 1017 vino-

216 1053 292 1092 que
315 1052 418 1079 arma
442 1052 522 1078 non
547 1039 773 1090 capiebant3
797 1037 985 1089 dispersi,
1008 1036 1221 1077 inordinati
1244 1035 1420 1080 exibant,
1443 1041 1487 1074 ut
1508 1035 1653 1087 quibus

176 1105 195 1138 3
217 1110 342 1149 prope
373 1103 524 1135 certum
555 1103 657 1135 esset
678 1097 811 1134 hostes
834 1101 939 1134 extra
961 1094 1102 1133 vallum
1125 1106 1204 1133 non
1229 1094 1400 1133 elaturos
1422 1092 1546 1144 signa.
1587 1092 1654 1131 ad-

215 1166 351 1193 versus
382 1154 431 1192 ita
462 1153 745 1204 incompositos
775 1165 842 1191 eos
871 1152 1073 1191 venientes
1104 1152 1273 1190 clamore
1295 1150 1442 1202 pariter
1463 1149 1653 1195 omnium,

216 1211 284 1263 qui
306 1212 346 1250 in
371 1211 508 1250 castris
531 1216 664 1258 erant,
698 1210 879 1249 calonum
903 1221 1062 1260 quoque
1084 1215 1121 1248 et
1142 1208 1330 1255 lixarum,
1361 1206 1513 1246 sublato
1535 1205 1654 1246 simul

174 1278 195 1310 4
216 1268 398 1308 omnibus
416 1268 540 1319 portis
563 1267 729 1306 Romani
752 1272 983 1318 eruperunt.
1021 1265 1233 1316 Liguribus
1254 1265 1350 1304 adeo
1372 1264 1570 1316 inprovisa
1592 1275 1656 1302 res

215 1326 301 1372 fuit,
320 1332 363 1364 ut
378 1325 555 1376 perinde,
573 1337 617 1363 30
634 1324 666 1363 si
684 1324 836 1363 insidiis
854 1323 1110 1362 circumventi
1127 1323 1270 1370 forent,
1286 1321 1542 1373 trepidarent.
1575 1320 1656 1359 exi-

218 1395 337 1435 guum
370 1381 559 1434 temporis
591 1381 718 1432 aliqua
751 1380 876 1420 forma
898 1392 1054 1432 pugnae
1076 1379 1168 1426 fuit3
1200 1379 1291 1430 fuga
1313 1378 1454 1418 deinde
1476 1377 1595 1417 effusa
1619 1383 1657 1416 et

217 1472 274 1494 ran
309 1460 443 1493 denken
478 1459 612 1492 50111611.
643 1479 688 1482 -
725 1459 902 1499 latronib„

218 1509 272 1543 35,
291 1510 320 1548 7,
338 1509 354 1538 ἰ’
382 1518 413 1539 u.
434 1516 463 1538 0.
480 1525 520 1528 —
536 1508 663 1545 verius,
689 1516 714 1537 5.
731 1506 785 1545 21,
804 1506 854 1543 16,
869 1507 899 1537 4.

267 1555 410 1586 11-15.
438 1562 505 1593 quo
532 1562 604 1592 ore,
630 1562 654 1584 s.
671 1552 724 1591 26,
740 1552 793 1591 32,
808 1553 838 1583 4.
858 1569 902 1572 —-

219 1601 417 1641 qulsqnam,
436 1597 494 1630 der
510 1596 671 1629 Gedanke
689 1596 732 1629 ist
752 1596 900 1638 negativ.

218 1664 263 1668 —-
289 1644 417 1685 alieno,
442 1654 467 1676 5.
495 1645 524 1681 7,
540 1645 697 1683 35,4.-—
715 1652 787 1674 non
812 1642 902 1682 dico,

220 1691 390 1730 24.8,15.
417 1708 460 1712 —
481 1699 600 1731 peeor.
626 1699 670 1720 m.
696 1687 734 1729 f„
760 1687 828 1730 vgl.
848 1688 901 1727 21,

221 1738 275 1777 43,
291 1736 326 1768 S:
348 1745 481 1777 pecora
500 1734 745 1774 consectando,
763 1733 831 1776 vgl.
847 1734 902 1768 22.

224 1784 274 1821 14,
290 1782 320 1814 8
346 1800 390 1803 -—
415 1781 566 1812 Poenive
591 1780 683 1812 1110111
710 1790 793 1821 que,
823 1777 903 1811 weil

221 1827 279 1859 der
292 1825 455 1859 (1611311116
474 1826 611 1867 negativ
625 1825 679 1857 ist.
695 1844 738 1847 —
752 1824 904 1866 Ligust„

220 1872 287 1914 vgl
303 1882 344 1904 zu
362 1868 749 1911 39.21,1;Plut.vois
766 1867 903 1915 παρα)-

221 1920 322 1951 πίους
345 1918 494 1962 Λίγυας,
519 1927 577 1949 (ης
593 1917 684 1948 ἔνιοι
710 1903 902 1959 (Polybius)

221 1965 281 1996 καὶ
306 1964 381 2008 Ῐιγ
374 1965 548 1995 υστινους
571 1958 799 2004 ονομαζουσι.
840 1961 904 1993 Del

222 1988 382 2042 Gedanke
416 2008 460 2041 ist
493 2007 670 2048 verkiirzt,
704 2007 764 2040 das
790 2007 868 2046 Agll
855 2017 904 2038 e-

222 2055 350 2088 meine:
377 2054 415 2086 id
431 2054 573 2094 audent,
599 2034 703 2086 odei·'
695 2064 741 2085 un
760 2040 905 2086 Vorlier-

224 2101 299 2141 geli.
327 2100 412 2132 nach
438 2100 533 2141 qnod
556 2110 627 2132 non
645 2099 801 2131 audeant
826 2099 906 2139 (An-

224 2142 360 2180 nahme:
393 2156 429 2178 es
463 2145 598 2178 dtirsten
633 2145 701 2177 wol
727 2145 834 2185 nicht)
867 2147 908 2176 ut

224 2192 407 2225 obsideant
431 2195 494 2223 ete.
520 2191 739 2232 ubergangen
765 2201 790 2223 5.
807 2193 906 2227 24.5,

225 2241 254 2271 5.
281 2256 324 2261 ——
350 2237 464 2271 ultro.
498 2237 546 2269 sie
580 2236 655 2269 sind
690 2236 742 2268 die
767 2235 910 2278 Angrei-

225 2283 366 2323 fenden,
409 2282 571 2315 wahrend
603 2292 681 2314 man
714 2282 762 2314 sie
796 2282 910 2323 einge-

225 2329 403 2362 5011105561]
418 2332 585 2361 eru-arten
604 2327 714 2360 sollte.
726 2347 771 2350 —
785 2331 819 2359 et
834 2337 908 2359 ver-

226 2374 344 2407 bindet
377 2385 438 2407 nur
469 2373 522 2406 die
547 2373 668 2406 beiden
694 2373 820 2405 letzten
846 2371 908 2405 Be-

228 2420 323 2462 griil'e
364 2419 414 2452 als
458 2418 839 2461 zusammengehdrend.
865 2437 910 2441 ——

228 2467 392 2507 obpugn„
418 2475 442 2498 5.
471 2466 524 2498 23.
542 2466 593 2506 18,
608 2467 638 2497 7.
656 2484 701 2487 —
724 2466 910 2503 scrutum„

229 2511 381 2543 dei-sellie
400 2510 559 2543 Gedanke
578 2511 643 2543 wie
658 2510 678 2552 ξ
696 2512 753 2543 12;
780 2509 829 2542 315
847 2509 910 2541 wir

228 2556 472 2598 angrill'sweise
494 2556 685 2589 verfuhren.
699 2575 744 2579 ——
756 2555 909 2587 militum

971 1458 1016 1490 151
1041 1458 1109 1490 wol
1135 1467 1195 1490 aus
1221 1456 1298 1489 dem
1323 1455 1417 1498 Folg.
1442 1455 1577 1488 hiel-her
1601 1465 1658 1498 ge-

973 1514 1147 1540 nommen3
1184 1503 1216 1535 in
1250 1504 1394 1543 signum
1417 1521 1463 1525 —
1487 1502 1591 1534 daret
1612 1503 1658 1533 si—

969 1560 1083 1591 gnum
1108 1549 1152 1582 ist
1182 1548 1236 1581 die
1260 1547 1530 1590 Wiederholung
1553 1547 1659 1580 beah-

973 1595 1123 1638 sichtigt.
1140 1613 1179 1618 —
1195 1593 1409 1626 intellectur.
1434 1593 1523 1626 ohne
1541 1596 1576 1625 et
1590 1593 1657 1626 wie

973 1641 1006 1673 iu
1030 1645 1113 1674 orat.
1132 1643 1242 1673 recta:
1269 1639 1315 1671 da
1333 1641 1444 1681 sign„
1469 1638 1658 1681 intell‘ges,

974 1698 999 1719 5.
1026 1688 1172 1728 5,51,5.
1199 1705 1241 1708 —
1268 1685 1416 1727 eosdem,
1442 1687 1472 1726 6,

975 1732 1146 1765 Situation
1173 1733 1203 1771 7,
1222 1732 1273 1773 13,
1291 1732 1341 1764 10.

1019 1776 1083 1813 28.
1109 1779 1207 1811 2-4.
1236 1780 1319 1818 tum,
1338 1777 1439 1818 jetzt,
1464 1776 1508 1809 im
1527 1775 1659 1818 Gegen-

974 1828 1066 1865 satze
1081 1834 1121 1856 zu
1130 1824 1262 1866 primis
1276 1822 1408 1863 diebus,
1425 1821 1591 1855 nachdem
1604 1821 1658 1854 die

972 1869 1188 1911 Belagerung
1213 1867 1319 1901 sehon
1345 1867 1483 1910 langere
1504 1867 1578 1900 Zeit
1601 1876 1660 1909 ge-

974 1915 1092 1948 dauert
1116 1914 1184 1947 hat.
1209 1933 1254 1937 -—
1276 1924 1390 1956 prope
1414 1916 1498 1946 statt
1523 1913 1583 1946 des
1607 1913 1658 1946 hs.

971 1971 1038 2003 pro
1063 1971 1115 2001 se,
1148 1959 1307 2001 obgleich
1341 1958 1416 1992 dem
1441 1959 1659 1992 Zusammen-

972 2007 1082 2048 hange
1101 2005 1175 2038 eine
1193 2004 1446 2047 Verringerung
1463 2004 1556 2037 nicht
1573 2014 1658 2047 ganz

975 2051 1175 2095 entspricht‚
1202 2050 1270 2093 vgl.
1297 2052 1328 2091 9,
1344 2052 1374 2092 6,
1396 2053 1420 2084 1.
1439 2070 1483 2073 -
1506 2052 1659 2093 incomp.

975 2117 1019 2121 —
1046 2099 1206 2138 venient„
1237 2100 1263 2132 l.
1279 2098 1333 2138 21,
1352 2099 1361 2128 l
1379 2110 1386 2134 ;
1411 2107 1469 2128 eos
1485 2097 1540 2137 22,
1556 2097 1610 2137 42,
1627 2097 1657 2129 8.

976 2163 1020 2167 -
1034 2144 1240 2176 clamore—
1251 2152 1354 2184 omn„
1379 2142 1492 2175 Front.
1507 2140 1610 2174 Strat.
1627 2142 1658 2183 2,

978 2192 1008 2227 3,
1036 2191 1092 2221 17:
1133 2188 1271 2220 sublato
1304 2190 1552 2220 universorum
1590 2186 1660 2218 cla-

1490 1686 1573 1727 7,6;
1599 1695 1659 1718 zur

977 2246 1093 2276 more,
1119 2234 1177 2267 der
1201 2233 1353 2266 Urheber
1375 2233 1422 2265 ist
1445 2234 1530 2264 statt
1554 2231 1659 2265 durch
1712 2268 1717 2273 ,

979 2281 1043 2313 den
1060 2280 1136 2313 Ahl.
1164 2279 1226 2311 mit
1250 2280 1292 2311 ab
1311 2278 1415 2311 durch
1441 2277 1506 2310 den
1523 2276 1659 2314 Genitiv

976 2326 1195 2363 bezeichnen
1214 2323 1293 2357 Tac.
1308 2323 1371 2356 An.
1387 2325 1417 2364 2,
1433 2324 1493 2356 29:
1515 2325 1659 2356 immoto

978 2373 1053 2403 eius
1079 2371 1176 2403 vulla
1201 2371 1381 2412 eccez'pz‘tnr
1401 2380 1433 2402 u.
1453 2370 1481 2402 ’3.
1496 2388 1541 2392 —-
1549 2370 1661 2411 parit.

977 2427 1069 2449 omn.
1102 2416 1168 2448 wie
1201 2415 1221 2458 ξ
1250 2418 1282 2453 1;
1318 2413 1397 2447 Tac.
1430 2414 1516 2448 Anu.
1546 2417 1574 2455 1,
1598 2416 1658 2447 64:

978 2465 1105 2495 cuncta
1126 2463 1266 2504 pariter
1289 2480 1334 2483 —
1358 2460 1517 2493 adversa.
1534 2479 1580 2483 —
1605 2471 1660 2492 ca-

979 2509 1047 2541 lon.
1050 2509 1127 2549 ,23,
1144 2509 1195 2542 16
1210 2508 1239 2540 8.
1251 2504 1386 2547 —f'or.‚
1396 2506 1533 2549 trepid.,
1547 2505 1661 2549 wenig

979 2533 1200 2587 verschiederi
1225 2562 1292 2584 1011
1317 2550 1410 2594 fuga
1432 2571 1476 2576 —-
1502 2552 1626 2593 effusa.
