1747 2844
207 93 287 158 132

611 95 735 129 LIBER
759 95 893 130 XXXX.
943 97 1036 131 CAP.
1068 100 1117 131 10.
1148 100 1196 132 11.

1477 115 1503 134 a.
1525 115 1554 134 u.
1574 109 1634 135 572.

165 220 182 250 7
204 212 471 263 reliquissent,
493 211 587 250 mihi
608 224 767 264 quoque
787 213 822 251 id
838 212 1018 252 relictum
1035 213 1234 253 crederem
1252 211 1558 264 receptaculum.
1600 219 1638 253 at

205 270 244 308 111
269 268 549 308 Macedonibus
571 269 662 308 satis
693 270 876 321 praesidii
900 276 969 309 est.
1011 270 1138 309 vidisti
1167 271 1353 309 hesterno
1375 269 1436 309 die
1457 269 1636 321 inpetum

204 326 371 365 militum
402 326 442 364 in
472 338 547 364 me.
590 326 683 377 quid
713 326 942 366 illis‘defuit
971 327 1044 366 nisi
1074 326 1252 366 ferrum?
1284 327 1388 378 quod
1410 326 1486 365 illis
1514 327 1638 366 defuit

165 392 184 422 δ
206 383 378 422 interdiu
392 414 400 429 ,
434 383 615 422 convivae
644 384 776 422 fratris
816 388 936 422 noctu
975 390 1242 436 sumpserunt.
1285 383 1378 435 quid
1421 384 1468 422 de
1497 395 1638 435 magna

205 447 315 491 parte
337 439 563 491 principum
584 441 736 491 loquar,
768 441 835 492 qui
856 441 895 479 in
918 441 1105 480 Romanis
1127 454 1237 493 spem
1259 453 1414 480 omnem
1439 440 1638 492 dignitatis

206 504 244 536 et
264 498 445 536 fortunae
465 503 688 548 posuerunt
711 504 748 536 et
769 499 808 536 in
831 511 890 546 e0,
913 498 1122 549 quiomnia
1143 498 1248 550 apud
1260 498 1459 537 Romanos
1479 497 1637 549 potest?

205 567 334 606 neque
356 554 517 593 hercule
538 554 656 593 istum
678 555 772 594 mihi
794 560 946 594 tantum
965 555 1076 594 fratri
1096 555 1246 603 maiori,
1269 555 1338 594 sed
1357 567 1482 607 prope
1503 559 1574 603 est,
1597 561 1640 594 ut

165 619 184 651 9
203 611 273 651 tibi
306 624 464 663 quoque
492 611 582 662 ipsi,
612 612 694 663 regi
726 619 763 651 et
784 612 900 663 patri,
929 613 1162 664 praeferant.
1204 612 1277 651 iste
1298 612 1401 651 enim
1425 617 1495 660 est,
1526 612 1639 652 euius

203 668 395 708 beneficio
422 681 589 720 poenam
610 668 679 708 tibi
702 674 860 708 senatus
890 669 1051 717 remisit,
1076 670 1142 721 qui
1165 681 1273 709 nunc
1294 675 1332 709 te
1352 668 1398 708 ab
1420 668 1538 708 armis
1558 667 1638 708 Ro-

204 726 332 765 manis
352 726 537 776 protegit,
555 726 621 776 qui
643 732 748 765 tuam
766 732 1009 765 senectutem
1030 726 1237 777 obligatam
1259 731 1298 765 et
1313 726 1521 765 obnoxiam
1543 726 1638 765 adu-

147 792 185 824 10
205 783 413 822 lescentiae
438 795 529 821 suae
551 795 636 821 esse
656 796 824 834 aequum
857 789 1002 823 censet.
1038 796 1110 835 pro
1131 783 1206 823 isto
1234 783 1401 822 Romani
1421 788 1537 832 stant,
1566 795 1639 835 pro

206 839 280 878 isto
302 852 439 878 omnes
460 839 578 878 urbes
599 845 667 879 tuo
698 840 863 892 imperio
895 840 1092 889 liberatae,
1113 853 1186 892 pro
1208 840 1282 879 isto
1303 840 1550 889 Macedones,
1571 841 1640 891 qui

205 909 300 948 pace
322 896 496 935 Romana
524 897 715 947 gaudent:
747 898 841 937 mihi
862 903 1019 949 praeter
1047 904 1098 945 te,
1128 903 1251 949 pater,
1273 897 1367 948 quid
1388 909 1554 949 usquam
1575 903 1643 936 aut

150 954 290 1005 nspei
307 961 373 993 aut
396 953 578 1005 praesidii
604 961 662 993 est
672 953 691 992 ⁴?
733 954 819 1000 Quo
845 962 1024 1006 spectare
1034 955 1117 994 illas
1134 955 1281 994 litteras
1296 954 1343 993 ad
1368 959 1406 993 te
1423 966 1532 993 nunc
1547 954 1642 993 mis-

207 1023 268 1049 sas
290 1011 334 1049 T.
366 1011 524 1056 Quincti
554 1011 693 1058 credis,
725 1012 869 1063 quibus
899 1018 936 1051 et
964 1012 1065 1051 bene
1094 1018 1132 1051 te
1154 1011 1402 1050 consuluisse
1424 1010 1542 1050 rebus
1562 1011 1642 1050 tuis

206 1067 270 1116 ait,
295 1068 398 1119 quod
428 1068 669 1107 Demetrium
698 1068 860 1107 Romam
888 1069 1056 1117 miseris,
1086 1074 1124 1108 et
1154 1069 1344 1117 hortatur,
1375 1075 1420 1107 ut
1440 1068 1582 1107 iterum
1604 1074 1643 1107 et

208 1137 297 1163 cum
328 1124 509 1176 pluribus
539 1125 674 1175 legatis
697 1132 734 1165 et
761 1125 1002 1177 primoribus
1033 1138 1122 1165 eum
1154 1126 1331 1165 remittas
1352 1123 1641 1165 Macedonum?

166 1192 185 1223 2
207 1182 250 1222 T.
269 1182 478 1227 Quinctius
495 1194 604 1221 nunc
623 1190 682 1222 est
696 1189 834 1222 auctor
850 1183 1025 1222 omnium
1043 1195 1176 1222 rerum
1192 1182 1256 1221 isti
1278 1188 1316 1222 et
1330 1182 1534 1233 magister3
1552 1194 1642 1221 eum

206 1238 280 1277 sibi
303 1244 339 1277 te
360 1239 536 1278 abdicato
560 1246 670 1290 patre
700 1240 739 1278 in
762 1241 892 1279 locum
914 1246 1024 1279 tuum
1057 1240 1278 1287 substituit3
1302 1239 1381 1278 illic
1402 1244 1492 1278 ante
1512 1239 1644 1278 omnia

254 1340 352 1372 7—9.
378 1343 434 1371 at:
469 1340 513 1372 du
531 1340 606 1372 hast
632 1340 664 1380 ia
682 1340 780 1379 aber,
814 1340 890 1372 Eiu-

208 1384 298 1417 wurs
320 1384 379 1417 des
404 1384 565 1427 Geguers.
583 1405 628 1408 -—-
647 1386 786 1417 uidisti:
813 1385 890 1418 (1355

207 1430 267 1463 (135
294 1430 386 1463 nicht
412 1441 450 1463 so
477 1431 543 1467 sei,
574 1431 631 1463 hat
657 1431 716 1463 der
742 1431 890 1474 gestrige

208 1475 281 1518 Tag
306 1476 452 1518 gezeigt.
478 1496 521 1500 —
547 1479 629 1519 imp.
654 1476 727 1508 mil.
762 1481 798 1508 ίη
826 1487 892 1518 me,

209 1521 262 1553 die
288 1521 538 1565 Wortstellung
563 1522 628 1555 wie
657 1525 685 1559 1,
713 1525 766 1563 50,
791 1525 820 1555 3.
846 1543 891 1546 —

210 1568 296 1609 quid
320 1568 362 1599 de
387 1572 463 1609 etc,
489 1567 691 1610 Uebergang
716 1579 755 1600 zu
782 1572 891 1601 etwas

211 1612 464 1655 Wichtigerem.
490 1624 516 1646 5.
542 1616 574 1653 4,
592 1615 623 1653 3,
649 1615 699 1646 12.
724 1633 768 1636 -
791 1616 893 1656 prin-

211 1660 288 1700 cip.j
304 1669 330 1691 c.
350 1661 430 1699 11,1
447 1673 452 1697 ;
469 1661 791 1701 44,16.4.—mz·l12·,
805 1659 891 1692 (13Ζ11

211 1704 254 1736 ist
274 1704 491 1746 praeferunt
522 1715 582 1737 aus
611 1704 826 1746 praeferant
850 1716 891 1737 zu

211 1749 355 1782 denken.
382 1769 426 1774 ——
447 1761 561 1792 prope
587 1761 626 1791 9.,
651 1754 707 1791 ut,
739 1760 764 1783 5.
791 1752 891 1791 2,23,

214 1795 332 1832 14;ib.
348 1797 401 1835 65,
416 1798 447 1829 6.
461 1815 505 1818 —
518 1798 608 1837 regi,
630 1795 720 1828 viell.
743 1796 785 1828 ist
805 1796 891 1828 nach

211 1840 302 1873 alten
328 1840 510 1883 Ausgaben
543 1844 576 1872 et
604 1843 683 1883 regi
714 1851 755 1873 zu
786 1841 891 1875 lesen.

211 1885 253 1918 da
278 1886 312 1918 in
330 1887 487 1928 spateren
509 1886 605 1919 Hdss
632 1889 712 1928 regi
734 1886 788 1920 od.
814 1888 894 1928 regi

212 1935 246 1963 et
268 1931 363 1964 fehlt.
390 1951 433 1955 —
459 1932 614 1973 bene-fio„
639 1934 692 1970 39,
707 1934 761 1969 47,
780 1935 830 1965 11.
849 1952 893 1955 —-

213 1977 319 2019 oblig.
339 1989 367 2009 e.
385 1979 476 2019 obn„
493 1978 710 2020 verpssichtet
729 1978 782 2009 fiir
799 1978 892 2010 seine

212 2022 431 2065 Gefalligkeit
465 2023 533 2056 und
567 2034 604 2056 so
630 2023 801 2066 abhangig
825 2033 893 2056 von

211 2069 290 2101 ihm.

263 2117 311 2148 10.
342 2124 410 2157 pro
445 2118 521 2148 ete..
555 2114 649 2147 stellt
682 2114 740 2146 der
772 2114 896 2147 vorher

214 2160 463 2202 geschilderten
481 2160 569 2202 Lage
588 2160 647 2192 des
666 2159 816 2192 Redners
841 2159 895 2192 die

213 2205 272 2238 des
290 2206 479 2239 Demetrius
497 2206 709 2247 gegem'iber;
733 2205 791 2238 der
808 2208 896 2238 erste

215 2251 282 2283 und
295 2251 399 2284 letzte
414 2250 528 2283 Punkt
543 2251 680 2283 werden
706 2262 732 2283 c.
763 2253 814 2289 11,
835 2254 896 2283 l—

214 2299 234 2329 4
248 2297 457 2340 ausgeftihrt,
471 2316 516 2320 ἡ
526 2307 593 2339 pro
604 2300 762 2338 —stant,
777 2298 830 2338 38,
841 2298 895 2338 25,

215 2344 233 2374 8
249 2356 255 2379 ς
271 2344 326 2380 23,
341 2344 371 2381 ὃ,
387 2344 425 2375 3;
459 2353 537 2374 cum
569 2353 636 2384 quo
662 2361 707 2365 —-
729 2353 795 2385 pro
829 2341 896 2374 Ro-

214 2397 319 2420 mano
344 2391 512 2420 societate
536 2391 690 2420 steterat.
708 2407 752 2411 ——
776 2398 895 2420 omnes

212 2434 302 2474 urb„
328 2434 381 2466 die
399 2444 426 2467 c.
450 2436 499 2474 10,
515 2437 534 2467 5
553 2433 762 2475 erwahnten,
787 2433 897 2466 wahr-

215 2478 400 2511 scheinlich
436 2479 516 2512 weil
541 2480 589 2511 sie
624 2479 690 2511 wol
726 2489 792 2512 von
818 2478 897 2511 Per-

215 2532 306 2564 seus,
323 2524 415 2556 nicht
432 2525 512 2557 aber
528 2535 594 2558 von
609 2524 799 2557 Demetrius
817 2524 898 2556 wie-

215 2567 274 2599 der
289 2568 496 2612 beunruhigt
513 2581 554 2602 zu
572 2570 709 2603 werden
730 2569 896 2602 ffirchten.

959 1360 1003 1365 -—
1029 1343 1091 1382 qui
1107 1360 1151 1364 —-
1164 1340 1288 1383 gaud„
1313 1342 1367 1381 39,
1380 1341 1435 1380 53,
1450 1342 1480 1373 2.
1494 1360 1539 1363 —
1555 1341 1645 1372 mila·

960 1390 1024 1419 etc,
1051 1386 1132 1429 geht
1160 1385 1219 1419 auf
1241 1385 1296 1428 §2
1321 1385 1459 1418 zuriick.

1004 1432 1059 1467 11.
1089 1434 1183 1465 1—3.
1209 1442 1315 1463 nune.
1340 1433 1446 1472 miss„
1470 1430 1529 1464 der
1552 1430 1647 1463 Brief

960 1478 1003 1510 ist
1022 1488 1089 1510 von
1107 1478 1154 1514 L.,
1180 1477 1270 1510 viell.
1291 1476 1505 1517 absichtlich,
1530 1476 1645 1509 frijher

959 1523 1178 1565 iibergangen
1205 1522 1362 1564 worden,
1395 1522 1553 1564 ohgleich
1585 1521 1644 1555 11111

962 1568 1083 1612 Polyb.
1111 1568 1278 1610 erwiihnt,
1304 1570 1357 1610 24,
1373 1570 1410 1603 3:
1436 1565 1458 1601 ὅ
1481 1580 1521 1600 τε
1544 1570 1645 1600 Τίτος

963 1610 1243 1657 ἐπικαλεσάμενος
1259 1611 1300 1647 τὸ
1314 1609 1501 1660 μειράκιον
1514 1613 1646 1655 (Deme-

964 1660 1060 1698 trius)
1086 1662 1148 1692 καὶ
1180 1655 1410 1705 προβιβάσας
1441 1658 1490 1692 εἰς
1524 1655 1647 1705 λόγους

961 1702 1183 1752 ἀπορρήτους
1203 1725 1248 1729 —
1271 1706 1337 1737 τὸν
1360 1702 1429 1749 γὰρ
1453 1707 1646 1737 νεανίσκον

963 1747 1246 1796 ἐψυχαγώγησεν
1287 1746 1335 1783 αἷς
1374 1746 1504 1782 αὐτίκα
1549 1745 1644 1792 μάλα

962 1793 1382 1841 συγκατασκευασάντων
1424 1790 1524 1836 αὐτῷ
1564 1791 1645 1827 Ῥω-

961 1844 1084 1884 μαίων
1103 1840 1171 1883 τὴν
1188 1838 1398 1883 βασιλείαν·
1423 1836 1505 1873 τούς
1528 1853 1568 1874 τε
1585 1852 1645 1874 πε-

962 1888 997 1931 ρὶ
1021 1884 1087 1919 τὸν
1114 1884 1302 1920 Φίλιππον
1326 1881 1477 1931 ἠρέθισε
1504 1882 1648 1931 γράψας

963 1931 1001 1972 ἐξ
1026 1928 1133 1972 αὐτῆς
1156 1929 1222 1965 τὸν
1241 1930 1449 1984 Δημήτριον
1470 1927 1646 1965 ἀποστέλ-

964 1976 1039 2010 λειν
1064 1975 1176 2010 πάλιν
1200 1977 1248 2010 εἰς
1265 1990 1333 2019 την
1349 1972 1498 2020 Ῥώμην,
1524 1977 1593 2020 vgl.
1611 1977 1645 2010 L.

962 2034 989 2056 c.
1017 2025 1070 2065 20,
1086 2026 1116 2056 6.
1142 2043 1185 2046 ——-
1210 2026 1341 2055 iter-um
1365 2042 1409 2046 —
1431 2033 1530 2065 rem„
1553 2023 1648 2066 pleo-

964 2068 1126 2107 nastisch,
1152 2079 1177 2101 5.
1204 2080 1232 2101 c.
1259 2071 1290 2110 4,
1307 2070 1358 2102 13.
1375 2087 1419 2092 —
1437 2071 1471 2100 et
1480 2070 1647 2111 primor„

964 2114 1033 2147 und
1057 2125 1149 2147 zwar
1174 2125 1271 2154 usw,
1297 2114 1363 2146 wie
1388 2113 1409 2156 ξ
1432 2116 1462 2155 3,
1486 2113 1555 2156 vgl.
1582 2113 1648 2147 Po-

967 2160 1037 2203 lyb.
1054 2160 1074 2193 l.
1091 2160 1128 2193 1.;
1146 2158 1235 2202 μετὰ
1253 2160 1332 2192 τῶν
1349 2156 1468 2204 φίλων
1485 2154 1533 2191 οἷς
1550 2156 1645 2193 πλεί-

967 2217 1068 2238 στων
1091 2207 1152 2238 καὶ
1175 2201 1477 2251 χρησιμωτάτων.
1500 2224 1543 2228 -
1564 2215 1649 2236 auc—

967 2255 1033 2293 tor,
1066 2261 1132 2283 von
1157 2251 1227 2283 ihm
1253 2251 1334 2293 geht,
1357 2249 1453 2282 Alles
1477 2259 1548 2291 aus,
1578 2249 1648 2283 und

966 2306 1001 2328 er
1026 2296 1119 2338 giebt
1143 2296 1213 2328 ihm
1239 2306 1298 2335 an,
1331 2305 1403 2327 was
1427 2294 1496 2327 und
1520 2295 1587 2328 wie
1613 2305 1648 2328 er

965 2352 1002 2373 es
1027 2352 1068 2374 zu
1094 2341 1177 2373 thun
1201 2341 1290 2374 habe
1314 2342 1522 2381 (magister).
1546 2360 1591 2365 -
1617 2344 1649 2373 te

965 2386 1044 2419 abd.
1065 2390 1152 2428 pom>
1177 2396 1245 2419 von
1270 2385 1329 2418 der
1353 2385 1549 2419 feierlic'nen
1567 2386 1648 2419 Los-

966 2441 1116 2474 sagung,
1150 2431 1409 2473 Entausserung
1440 2430 1500 2464 der
1522 2431 1649 2465 Kinder

966 2487 1032 2510 von
1068 2476 1144 2509 dem
1177 2476 1282 2509 Vater
1312 2476 1367 2509 bei
1399 2476 1463 2509 den
1496 2475 1648 2510 Juristen

967 2522 1164 2565 gebraucht,
1189 2522 1258 2564 vgl.
1286 2521 1375 2555 Curt.
1401 2524 1433 2563 4,
1457 2524 1510 2565 39,
1526 2525 1556 2564 3,
1581 2522 1648 2555 sel-

968 2572 1023 2601 ten
1049 2568 1109 2600 mit
1136 2568 1333 2612 doppeltem
1358 2567 1535 2606 Accusat.;
1564 2568 1649 2602 iiber
