1779 2893
591 203 777 268 TITI
818 203 1015 268 Livi

236 333 300 372 AB
334 331 467 372 URBE
501 331 723 372 CONDITA
754 331 1022 372 LIBRORUM
1052 331 1360 372 PERIOCHAE.

25 340 27 345 -
0 0 70 316 emm

604 492 662 525 EX
687 492 814 526 LiBRo
842 491 989 526 XXXIX.

161 570 206 605 M.
220 570 387 605 Aemilius
402 572 524 605 consul
541 572 720 615 Liguribus
738 573 890 606 subactis
908 573 999 606 xiam
1012 571 1187 605 Placentia
1207 582 1314 615 usque
1329 573 1519 605 Ariminum

69 616 270 660 perductam
295 617 481 651 Flaminiae
506 618 626 652 iunxit.
664 619 760 652 initia
786 619 940 652 luxuriae
965 619 1000 652 in
1018 618 1135 652 urbem
1153 618 1348 651 introducta
1366 618 1407 651 ab
1427 629 1522 651 exer-

71 662 141 696 citu
153 663 308 697 Asiatico
321 663 524 698 reseruntur.
542 664 693 708 Ligures,
709 665 916 709 quicumque
931 666 1014 698 citra
1028 665 1249 708 Apenninum
1263 668 1370 706 erant,
1386 665 1519 698 subacti

71 712 160 744 sunt.
187 708 426 753 Bacchanalia,
445 721 579 744 sacrum
597 711 762 744 Graecum
783 717 815 745 et
835 717 1049 753 nocturnum,
1069 711 1221 744 omnium
1234 710 1402 744 scelerum
1420 711 1520 743 semi—

69 755 212 799 narium,
230 766 307 789 cum
325 756 368 790 ad
384 757 535 800 ingentis
554 757 674 791 turbae
693 758 962 791 coniurationem
978 757 1203 800 pervenisset.
1222 756 1468 799 investigatum
1487 762 1519 790 et

69 801 254 836 multorum
271 813 382 846 poena
406 803 580 836 sublatum
598 808 660 837 est.
688 814 707 836 a
725 804 926 837 censoribus
943 804 976 836 L.
997 803 1132 836 Valerio
1151 803 1273 836 Flacco
1292 808 1324 836 et
1339 802 1383 836 M.
1398 802 1520 836 Porcio

70 846 210 891 Catone,
228 852 261 881 et
284 848 367 882 belli
384 852 417 882 et
436 849 530 892 pacis
549 850 679 883 artibus
697 850 856 891 maximo,
875 855 988 883 motus
1011 855 1063 883 est
1083 853 1203 882 senatu
1217 849 1250 882 L.
1267 848 1425 888 Quintius
1448 849 1523 882 fla-

69 892 229 936 mininus,
247 893 286 928 T.
304 895 420 937 frater,
446 905 486 929 eo
505 896 608 939 quod,
634 906 711 929 cum
729 896 874 929 Galliam
892 896 1103 939 provinciam
1122 895 1242 928 consul
1261 895 1444 937 obtineret,
1469 906 1523 929 ro-

71 944 172 982 gatus
189 950 209 974 a
225 940 343 974 Poeno
362 941 534 985 Philippo,
560 952 662 986 quem
681 943 828 984 amabat,
848 947 961 975 scorto
981 942 1099 983 nobili,
1118 941 1253 975 Gallum
1272 941 1443 985 quendam
1462 952 1522 975 sua

69 995 172 1019 manu
190 987 362 1021 occiderat
380 988 464 1027 sive,
482 992 519 1021 ut
537 987 676 1031 quidam
694 988 924 1029 tradiderunt,
951 999 1055 1021 unum
1074 998 1115 1021 ex
1133 987 1302 1020 damnatis
1320 988 1430 1021 securi
1449 998 1524 1031 pcr-

70 1037 225 1066 cusserat
248 1037 390 1077 rogatus
423 1044 442 1067 a
466 1034 645 1067 meretrice
672 1034 889 1075 Placentina,
924 1035 1020 1067 cuius
1055 1044 1169 1067 amore
1204 1033 1392 1077 deperibat.
1429 1039 1522 1067 extat

70 1078 179 1112 oratio
203 1078 247 1113 M.
276 1079 415 1113 Catonis
440 1080 474 1112 in
501 1090 588 1114 eum.
616 1080 732 1123 Scipio
752 1080 876 1113 Literni
895 1079 1055 1122 decessit,
1083 1085 1128 1121 et,
1155 1085 1330 1122 tamquam
1358 1080 1523 1123 iungente

71 1123 208 1159 fortuna
226 1126 315 1159 circa
328 1125 418 1159 idem
433 1130 568 1170 tempus
583 1126 650 1160 duo
666 1125 785 1159 funera
800 1126 1025 1159 maximorum
1043 1127 1204 1167 virorum,
1224 1125 1393 1159 Hannibal
1408 1137 1425 1159 a
1441 1126 1524 1159 Pru-

71 1170 133 1213 sia,
147 1170 331 1216 Bithyniae
348 1182 441 1215 rege,
459 1172 502 1205 ad
516 1182 618 1215 quem
633 1172 725 1205 victo
745 1172 916 1206 Antiocho
937 1172 1148 1215 confugerat.
1168 1182 1244 1205 cum
1263 1171 1443 1206 dederetur
1457 1171 1525 1206 Ro-

69 1217 191 1259 manis,
209 1217 267 1261 qui
285 1217 328 1251 ad
349 1217 604 1261 exposcendum
618 1228 695 1251 eum
710 1217 747 1251 T.
763 1218 939 1257 Quintium
954 1218 1180 1251 Flamininum
1198 1218 1373 1259 miserant,
1388 1228 1522 1252 veneno

70 1263 136 1296 sibi
152 1267 299 1297 mortem
315 1264 494 1298 conscivit.
522 1263 769 1308 Philopoemen
785 1274 934 1308 quoque,
954 1264 1021 1298 dux
1034 1265 1259 1306 Achaeorum,
1279 1265 1330 1297 w‘r
1343 1265 1522 1306 maximus,

71 1319 90 1342 a
106 1308 288 1343 Messeniis
306 1310 442 1343 occisus
459 1320 604 1352 veneno,
624 1321 700 1344 cum
719 1311 761 1344 ab
780 1311 821 1344 iis
840 1310 931 1343 bello
951 1316 1072 1354 captus
1090 1315 1192 1344 esset.
1225 1310 1380 1344 coloniae
1399 1310 1525 1344 Poten-

72 1355 119 1389 tia
136 1359 171 1389 et
187 1355 367 1390 Pisaurum
385 1361 418 1390 et
435 1355 568 1390 Mutina
587 1361 620 1390 et
639 1356 760 1390 Parma
779 1357 946 1390 deductae
965 1362 1055 1390 sunt.
1091 1363 1268 1400 praeterea
1285 1367 1339 1390 res
1358 1357 1523 1390 adversus

71 1400 263 1436 Celtiberos
288 1412 452 1446 prospere
479 1407 596 1446 gestas
622 1407 655 1436 et
682 1403 779 1436 initia
798 1413 988 1446 causasque
1015 1403 1097 1436 belli
1114 1402 1327 1436 Macedonici
1351 1404 1523 1441 continet;

72 1448 168 1481 cuius
186 1448 282 1492 origo
304 1448 384 1482 inde
398 1448 508 1491 fluxit,
527 1449 619 1492 quod
634 1448 814 1492 Philippus
837 1459 939 1492 aegre
954 1448 1084 1482 serebat
1098 1459 1241 1492 regnum
1256 1460 1355 1482 suum
1370 1460 1388 1481 a
1403 1449 1526 1482 Roma-

71 1493 125 1528 nis
137 1493 304 1537 imminui,
317 1499 351 1528 et
367 1494 459 1538 quod
475 1500 655 1538 cogeretur
666 1506 684 1528 a
695 1495 883 1528 Thracibus
900 1495 1045 1538 aliisque
1060 1495 1144 1528 locis
1162 1495 1330 1539 praesidia
1345 1495 1524 1529 deducere.

611 1644 669 1677 Ex
694 1643 821 1677 LIBRO
847 1644 981 1677 XXXX.

164 1711 248 1745 Cum
262 1711 442 1756 Philippus
457 1712 585 1746 liberos
599 1723 728 1756 eorum,
744 1724 830 1756 quos
846 1714 879 1746 in
896 1713 1042 1746 vinculis
1056 1714 1217 1755 habebat,
1234 1714 1524 1748 nobilissimorum

72 1757 247 1791 hominum
265 1758 420 1802 conquiri
439 1758 482 1791 ad
498 1763 644 1792 mortem
670 1759 840 1797 iussisset,
868 1758 1064 1802 Theoxena,
1090 1761 1198 1793 verita
1226 1772 1285 1804 pro
1312 1761 1428 1794 liberis
1455 1762 1524 1794 suis

72 1803 256 1838 admodum
281 1804 396 1848 pueris
421 1805 512 1848 regis
530 1805 717 1847 libidinem,
744 1805 886 1849 prolatis
905 1806 939 1839 in
957 1806 1107 1839 medium
1126 1806 1247 1849 gladiis
1275 1811 1307 1840 et
1327 1807 1464 1850 poculo,
1491 1808 1523 1840 in

72 1860 140 1894 quo
159 1860 329 1884 venenum
355 1855 438 1893 erat,
464 1851 571 1884 suasit
589 1851 642 1887 iis.
668 1856 704 1885 ut
730 1852 910 1885 imminens
929 1852 1112 1886 ludibrium
1130 1858 1239 1886 morte
1263 1852 1464 1896 effugerent,
1491 1858 1524 1887 et

73 1906 150 1929 cum
174 1896 413 1940 persuasisset,
439 1901 473 1930 et
489 1897 565 1941 ipsa
583 1908 619 1931 se
642 1898 825 1931 interemit.
864 1899 1051 1931 certamina
1070 1899 1159 1932 inter
1176 1899 1267 1932 filios
1286 1899 1436 1943 Philippi
1454 1899 1525 1933 Ma-

73 1941 237 1976 cedoniae
261 1943 364 1985 regis,
392 1942 517 1976 Persen
545 1948 578 1977 et
603 1943 824 1986 Demetrium,
849 1944 1060 1983 resen-unum
1088 1950 1119 1978 et
1139 1950 1175 1978 ut
1203 1945 1320 1979 fraude
1338 1945 1453 1979 fratris
1471 1945 1523 1979 sui

71 1987 265 2022 Demetrius
290 1987 380 2022 fictis
406 1989 617 2031 criminibus,
644 1990 732 2024 inter
758 2000 845 2034 quae
872 1991 1091 2024 accusatione
1117 1991 1287 2035 parricidii
1308 1997 1341 2025 et
1361 1991 1524 2025 adfectati

73 2034 181 2077 regni,
198 2034 344 2078 primum
359 2035 500 2079 petitus,
518 2035 560 2069 ad
573 2036 740 2078 ultimum,
759 2037 920 2080 quoniam
935 2037 1054 2080 populi
1068 2037 1212 2071 Romani
1227 2038 1356 2071 amicus
1371 2043 1453 2079 erat,
1469 2048 1527 2071 ve-

74 2090 163 2113 neno
180 2083 323 2114 necatus
341 2085 406 2120 est,
422 2091 634 2125 regnumque
647 2082 869 2116 Macedoniae
884 2087 1018 2116 mortuo
1038 2083 1199 2127 Philippo
1217 2084 1260 2117 ad
1278 2083 1405 2117 Persen
1423 2084 1527 2117 deve-

74 2126 135 2159 nit.
168 2125 252 2159 item
268 2135 323 2160 res
340 2126 374 2159 in
392 2127 572 2169 Liguribus
590 2133 623 2161 et
641 2128 803 2171 Hispania
822 2134 940 2162 contra
959 2129 1149 2163 Celtiberos
1174 2141 1192 2163 a
1211 2130 1434 2173 conpluribus
1453 2130 1527 2163 seli-

77 2172 163 2205 citer
187 2176 304 2214 gestas
330 2173 494 2206 continet.
536 2173 670 2207 colonia
688 2174 845 2217 Aquileia
865 2174 1012 2208 deducta
1030 2181 1093 2209 est.
1133 2176 1208 2209 libri
1228 2176 1358 2209 Numae
1376 2176 1525 2219 Pompili

74 2217 108 2251 in
135 2228 216 2261 agro
242 2218 277 2251 L.
295 2217 410 2252 Petilli
436 2219 568 2252 scribae
595 2220 658 2252 sub
684 2219 835 2254 laniculo
853 2231 870 2253 a
891 2220 1081 2255 cultoribus
1100 2223 1170 2265 agri
1190 2233 1267 2255 arca
1286 2222 1420 2265 lapidea
1439 2222 1526 2255 clusi

74 2263 206 2297 inventi
232 2269 311 2298 sunt
337 2269 371 2298 et
389 2264 508 2298 Graeci
534 2270 567 2298 et
586 2265 705 2299 Latini.
744 2266 777 2298 in
804 2266 929 2309 quibus
953 2278 1029 2300 cum
1048 2268 1210 2312 pleraque
1229 2268 1525 2301 dissolvendarum

73 2309 279 2353 religionum
296 2315 443 2354 praetor,
468 2311 512 2345 ad
529 2322 630 2355 quem
650 2311 754 2345 delati
772 2316 878 2353 erant,
904 2312 1056 2355 legisset,
1083 2314 1206 2347 iuravit
1237 2315 1381 2355 senatui,
1408 2319 1526 2347 contra

73 2366 146 2389 rem
163 2356 335 2399 publicam
361 2367 457 2400 esse,
483 2362 520 2391 ut
538 2357 734 2401 legerentur
760 2363 1056 2402 servarenturque.
1096 2371 1136 2393 ex
1156 2364 1294 2393 senatus
1313 2360 1472 2393 consulto
1491 2360 1526 2392 in

76 2401 215 2436 comitio
230 2402 343 2436 exusti
356 2407 446 2437 sunt.
465 2403 646 2447 Philippus
661 2404 874 2446 aegritudine
889 2404 991 2437 animi
1006 2406 1196 2447 confectus,
1211 2405 1303 2449 quod
1317 2405 1526 2439 Demetrium

75 2446 185 2482 filium
201 2448 298 2482 salsis
316 2448 455 2483 alterius
472 2448 535 2482 filii
560 2450 595 2483 in
613 2449 758 2483 eundem
784 2449 1013 2484 delationibus
1030 2452 1199 2495 impulsus
1217 2461 1349 2485 veneno
1368 2451 1527 2486 sustulis—

77 2497 143 2536 set,
168 2493 210 2527 de
223 2504 334 2538 poena
352 2494 469 2529 Persei
487 2496 654 2539 cogitavit
668 2496 848 2539 voluitque
865 2496 1078 2538 Antigonum
1096 2498 1223 2541 potius,
1250 2498 1396 2531 amicum
1414 2508 1524 2540 suum,

77 2549 310 2574 successorem
334 2541 430 2584 regni
449 2542 501 2575 sui
517 2542 723 2586 relinquere.
749 2542 810 2575 sed
826 2543 860 2575 in
879 2542 941 2575 hac
960 2544 1170 2586 cogitatione
1196 2548 1307 2577 morte
1324 2549 1443 2588 raptus
1461 2550 1524 2578 est.

74 2595 218 2629 regnum
241 2585 387 2620 Perseus
412 2588 556 2632 excepit.
