1779 2893
155 156 180 176 a.
200 149 252 177 011.
276 149 331 176 187.
626 138 751 172 LIBER
776 139 923 174 XXXIX.
974 140 1067 173 CAP.
1095 142 1125 174 2.
1568 138 1592 177 3

153 267 290 295 eorum
321 254 505 307 pluribus
536 255 697 307 proeliis
728 256 912 296 secundis
942 256 1068 304 factis,
1099 257 1138 295 in
1171 257 1410 297 deditionem
1436 263 1594 310 gentem

153 311 307 364 accepit
327 319 365 353 et
386 325 492 352 arma
513 312 668 353 ademit.
712 326 754 353 ea
776 314 867 365 quia
888 326 969 353 non
988 313 1140 353 sincera
1163 315 1238 354 fide
1266 315 1483 363 tradebant,
1506 328 1596 356 cum
1618 322 1637 354 2

154 370 454 421 castigarentur,
471 370 620 409 relictis
636 370 731 410 vicis
748 370 788 410 in
805 377 979 410 montem
993 371 1193 422 Auginum
1205 373 1481 425 profugerunt.
1500 386 1596 413 con-

149 427 279 467 festim
303 433 464 467 secutus
486 434 545 467 est
565 427 719 467 consul.
761 435 935 468 ceterum
959 429 1072 468 effusi
1094 441 1246 477 rursus,
1267 436 1304 469 et
1324 443 1415 483 pars
1431 430 1597 470 maxima
1618 438 1638 470 3

150 485 336 533 inermes,
358 497 432 537 per
450 485 554 525 invia
575 490 613 525 et
626 497 748 538 rupes
764 486 951 538 deruptas
974 486 1280 538 praecipitantes
1300 488 1501 540 sugerunt,
1519 501 1596 540 qua

150 543 263 594 sequi
284 542 410 583 hostis
430 555 512 582 non
534 548 680 595 posset.
723 544 774 583 ita
794 549 903 583 trans
924 543 1180 596 Apenninum
1205 544 1399 585 abierunt.
1442 546 1509 598 qui
1532 559 1596 586 ca-

149 600 241 639 stris
256 613 299 640 se
316 606 540 649 tenuerant,
557 600 857 641 circumsessiet
873 601 1086 653 expugnati
1102 607 1207 641 sunt.
1230 602 1323 642 inde
1338 609 1448 643 trans
1464 605 1596 656 Apen-
1617 610 1638 643 4

150 657 290 697 ninum
331 657 471 697 ductae
499 657 690 709 legiones.
731 658 785 698 ibi
814 659 975 707 montis,
1004 671 1122 711 quem
1161 666 1361 711 ceperant,
1391 660 1597 701 altitudine

149 715 353 768 paulisper
381 727 423 755 se
439 715 574 763 tutati,
604 728 695 754 mox
726 716 767 755 in
785 715 1024 756 deditionem
1051 723 1350 757 concesserunt.
1390 724 1472 758 tum
1498 731 1596 758 con-

149 772 292 825 quisita
314 785 404 812 cum
427 772 642 812 intentiore
664 786 757 813 cura
779 786 883 813 arma
911 781 948 814 et
972 774 1104 814 omnia
1129 775 1322 826 adempta.
1363 776 1595 816 translatum
1617 783 1635 815 5

146 830 289 870 deinde
320 830 365 869 ad
387 830 576 882 Apuanos
598 830 765 882 Ligures
796 831 956 879 bellum,
979 832 1048 883 qui
1069 831 1109 870 in
1141 844 1278 883 agrum
1310 832 1496 872 Pisanum
1518 834 1595 873 Βο-

147 888 466 939 noniensemque
496 888 548 927 ita
570 888 878 936 incursaverant,
901 896 945 929 ut
966 889 1041 928 coli
1064 902 1144 928 non
1162 897 1310 941 posset.
1352 890 1414 930 his
1436 903 1596 943 quoque
1616 897 1636 930 6

147 945 381 998 perdomitis
402 945 542 985 consul
564 958 700 997 pacem
723 946 829 986 dedit
847 946 1038 986 finitimis.
1081 952 1119 986 et
1148 946 1239 998 quia
1271 960 1291 986 a
1323 947 1425 987 hello
1463 949 1596 1000 quieta

148 1009 193 1043 ut
214 1008 317 1042 esset
337 1003 539 1055 provincia
564 1003 758 1051 effecerat,
790 1017 839 1043 ne
861 1005 902 1043 in
925 1004 1004 1043 otio
1035 1005 1200 1043 militem
1237 1005 1411 1054 haberet,
1445 1006 1540 1046 viam
1574 1019 1594 1046 3

145 1059 324 1100 Bononia
346 1060 531 1112 perduxit
550 1061 761 1100 Arretium.
792 1061 842 1100 Μ.
866 1061 1054 1101 Aemilius
1085 1062 1183 1101 alter
1221 1063 1361 1102 consul
1392 1075 1508 1115 agros
1529 1064 1595 1103 Li-
1617 1072 1634 1103 7

145 1129 288 1168 gurum
311 1117 510 1169 vicosque,
533 1118 600 1169 qui
622 1117 662 1157 in
686 1119 834 1170 campis
865 1125 932 1158 aut
961 1118 1125 1158 vallibus
1157 1126 1280 1165 erant,
1312 1119 1409 1172 ipsis
1439 1127 1594 1161 montes

144 1173 244 1214 duos
264 1174 462 1214 Ballistam
483 1175 855 1228 Suismontiumque
875 1176 1116 1224 tenentibus,
1139 1177 1289 1216 deussit
1312 1177 1594 1241 depopulatus-

145 1244 223 1284 que
244 1239 315 1272 est.
338 1232 482 1271 deinde
503 1245 584 1279 eos,
607 1232 674 1284 qui
696 1232 736 1272 in
759 1233 961 1273 montibus
994 1241 1116 1281 erant,
1148 1235 1308 1274 adortus
1339 1235 1468 1286 primo
1499 1236 1593 1276 levi·
1615 1249 1633 1282 8

142 1289 218 1329 bus
238 1289 402 1342 proeliis
422 1289 608 1341 fatigavit,
632 1296 834 1342 postremo
852 1297 1009 1331 coactos
1026 1292 1065 1331 in
1083 1291 1207 1331 aciem
1233 1292 1473 1333 descendere
1489 1294 1594 1333 iusto

145 1392 238 1424 tibus
261 1410 306 1414 —
332 1401 455 1423 eorum
471 1411 517 1415 —-
538 1396 690 1434 gentem,
718 1392 829 1425 wobei
902 1394 956 1434 37,

983 1395 1020 1430 4;
1048 1394 1170 1432 28,22,
1190 1396 1215 1425 l.
1235 1412 1280 1416 —
1298 1404 1378 1426 eum
1403 1396 1539 1437 intent„
1567 1407 1591 1429 s.

142 1447 186 1470 zu
218 1437 353 1470 ademit
381 1437 469 1470 doch
502 1438 591 1470 noch
626 1440 658 1470 ez·
681 1437 762 1471 oder
788 1440 831 1470 iis

902 1449 929 1471 c.
948 1441 999 1472 14.
1013 1441 1051 1475 5;
1068 1440 1121 1479 32,
1137 1441 1168 1480 5,
1183 1440 1213 1472 s.

144 1482 291 1527 gedacht
323 1483 460 1516 werden
493 1493 605 1525 muss,
642 1485 687 1517 ist
721 1488 830 1517 etwas

144 1528 394 1572 schwersallig3
428 1529 513 1562 iiber
546 1540 648 1562 arma
673 1530 832 1562 adimere

145 1586 170 1609 s.
205 1586 232 1608 0
260 1577 314 1616 54,
329 1576 445 1617 8ς40,
465 1577 515 1609 16.
530 1577 637 1616 6;34,
656 1577 706 1615 17,
722 1577 830 1613 5;28,

145 1623 199 1663 34,
213 1623 244 1654 7.
269 1640 315 1644 -
341 1622 426 1662 quia
453 1620 586 1653 tradeb.
621 1620 752 1654 euthalt
777 1620 831 1654 die

144 1666 401 1709 Veranlassung
428 1677 497 1699 von
523 1677 601 1699 eum
628 1686 670 1691 —
696 1669 833 1709 castzssg

144 1712 213 1756 vgl.
225 1713 256 1754 9,
268 1708 322 1753 30,
334 1714 371 1745 5:
391 1714 531 1754 quia—
538 1713 717 1755 prohibiti
730 1716 834 1745 erant

146 1778 192 1783 —-
216 1768 326 1801 aegre
347 1761 466 1800 pass-i,-
491 1760 521 1793 3
537 1760 590 1799 42,
605 1760 624 1792 3
644 1770 675 1792 u
695 1769 735 1792 a..
763 1769 832 1792 we-

145 1804 241 1848 niger
266 1803 326 1837 das
346 1803 468 1846 ObJect
494 1804 616 1846 (quod)
642 1814 710 1838 von
729 1807 832 1837 easti-

141 1861 243 1893 gare.
275 1869 320 1874 —-
351 1851 540 1893 Auginum
579 1861 642 1884 nur
678 1850 750 1884 hier
783 1861 833 1884 er-

144 1896 272 1930 wfihnt.
290 1915 336 1920 —
361 1899 516 1929 ceterum
534 1897 590 1937 effi
608 1899 691 1929 eto:
716 1896 832 1930 indess

144 1943 231 1976 311011
248 1952 286 1976 so
305 1942 472 1975 erreichte
489 1952 525 1975 er
542 1942 591 1975 sie
610 1942 714 1981 nicht,
742 1942 831 1976 denn

143 1999 249 2028 uSW.;
284 1991 353 2021 erst
378 1998 439 2021 aus
467 1988 544 2021 dem
569 1988 744 2031 Folgend.,
771 1990 834 2031 qui

145 2035 270 2068 castris
303 2037 366 2067 etc.
394 2034 483 2067 sieht
507 2044 603 2075 man,
634 2034 712 2067 dass
737 2034 831 2067 nicht

144 2080 210 2113 alle
243 2079 403 2123 geflohen
427 2079 522 2122 sind,
555 2079 624 2123 vgl.
652 2082 830 2123 36,17,9;

145 2128 175 2167 3,
194 2127 249 2167 37,
274 2127 306 2160 8.
340 2145 384 2149 —-
413 2136 480 2168 per
512 2127 596 2167 inv„
629 2128 683 2167 38,
710 2128 765 2167 23,
793 2129 830 2165 1;

146 2174 199 2214 23,
227 2173 278 2210 17,
301 2173 331 2205 6.
367 2191 413 2195 —
442 2174 650 2214 praecipit„
684 2171 757 2205 hier
781 2172 832 2205 in—

145 2216 304 2252 transitiv
329 2216 382 2250 od.
410 2217 562 2258 reflexiv,
588 2227 614 2250 5.
630 2228 670 2250 zu
686 2219 716 2259 5,
734 2219 786 2259 18,
799 2220 829 2258 7,

143 2263 214 2307 vgl
240 2265 294 2305 38,
313 2264 422 2305 2,14;
450 2264 831 2305 39,10,8.—eastris,

144 2309 204 2343 auf
237 2309 314 2342 dem
349 2308 515 2351 Auginus.
549 2328 595 2333 —
628 2319 740 2352 ceper.
778 2309 832 2342 die

143 2355 291 2408 Ligurer.
324 2374 370 2379 —
400 2365 487 2387 mooe
518 2355 605 2387 nach
642 2354 719 2388 dem
753 2354 833 2388 Par-

146 2401 240 2445 ticip
259 2400 327 2433 wie
344 2400 440 2443 inde,
465 2401 604 2438 deinde
624 2404 707 2443 tum,
734 2411 760 2434 s.
777 2403 831 2436 37.

145 2449 254 2489 31,Ί;
280 2448 438 2488 21,50,9
470 2457 502 2480 u.
529 2457 571 2488 a.,
595 2427 724 2488 jedoc'h
750 2447 830 2480 selt-

144 2503 215 2527 ner.
239 2512 286 2516 —
313 2494 352 2525 in
385 2492 492 2525 dedit.
526 2503 622 2525 cone.
657 2503 682 2526 s.
718 2494 771 2535 28,
799 2495 830 2534 ’1,

146 2540 186 2578 9;
203 2540 258 2581 42,
276 2540 331 2580 53,
349 2540 368 2571 7
395 2537 464 2581 vgl.
491 2540 547 2580 40,
566 2540 620 2576 39,
642 2541 675 2572 1;
703 2538 751 2571 ad
775 2539 832 2571 de-

145 2584 316 2618 ditionem
354 2586 495 2626 venire,
536 2584 754 2626 gewfihnlich
794 2587 833 2616 in

145 2630 224 2664 ded.
248 2631 371 2662 venire
394 2646 438 2658 =
462 2641 498 2662 se
521 2630 658 2672 dedere,
682 2630 751 2673 vgl.
778 2632 832 2665 33.

948 1487 1047 1518 5-6.
1081 1486 1271 1527 Αρηαηοε,
1310 1495 1351 1517 311
1386 1485 1445 1518 der
1479 1485 1594 1520 West-

903 1530 987 1563 seite
1006 1530 1065 1563 des
1079 1530 1279 1573 Apenninus
1297 1530 1351 1563 bis
1368 1542 1409 1564 an
1429 1531 1482 1564 die
1496 1531 1592 1565 Mun-

902 1576 994 1619 dung
1019 1576 1077 1609 der
1102 1575 1226 1617 Maera,
1254 1587 1279 1609 s.
1300 1587 1326 1610 0.
1345 1578 1398 1614 32.
1414 1579 1451 1614 2:
1467 1580 1520 1612 40.
1537 1581 1591 1612 41.

903 1624 940 1660 3;
968 1622 1053 1655 113011
1079 1633 1110 1655 u.
1139 1621 1187 1654 81.
1216 1623 1302 1655 311011
1328 1623 1415 1655 nach
1438 1623 1592 1657 Bononia

902 1668 971 1710 hin,
999 1678 1023 1701 5.
1051 1667 1072 1710 ξ
1086 1670 1107 1701 4
1134 1671 1244 1700 trans.
1262 1688 1307 1691 —
1324 1671 1362 1700 in
1381 1679 1459 1711 agr.
1478 1689 1521 1693 —
1540 1672 1593 1702 in-

903 1725 1006 1755 eursn,
1032 1724 1059 1746 0.
1082 1716 1110 1751 1,
1125 1715 1163 1747 8:
1190 1724 1299 1756 agros
1324 1716 1520 1748 1·nmm-s.—
1536 1716 1593 1748 Pi-

901 1771 989 1801 san„
1015 1761 1069 1800 35,
1086 1761 1114 1793 2.
1142 1779 1187 1783 —
1213 1760 1312 1792 dedit
1334 1761 1424 1794 hier:
1461 1772 1495 1794 er
1520 1772 1593 1795 ver-

903 1805 1045 1839 schafl'te
1063 1805 1169 1839 Ruhe.
1188 1825 1233 1830 —
1251 1808 1287 1838 in
1307 1808 1390 1848 otio,
1409 1806 1488 1840 Tae.
1503 1808 1590 1841 Ann.

907 1854 934 1892 1,
954 1854 1015 1886 35:
1035 1854 1147 1884 otium
1166 1856 1386 1891 castrorum,·
1405 1863 1464 1886 zur
1482 1852 1590 1887 Sache

902 1897 1007 1941 Marq.
1035 1900 1065 1939 3,
1081 1899 1111 1939 2,
1127 1900 1203 1932 434.
1216 1918 1259 1921 —
1276 1901 1369 1930 viam
1386 1903 1463 1940 ete,
1481 1900 1591 1933 wahr-

902 1943 1091 1976 scheinlieh
1117 1944 1218 1977 sollte
1244 1944 1293 1977 sie
1310 1945 1345 1977 in
1363 1944 1417 1977 die
1435 1945 1456 1988 §
1474 1948 1513 1978 10
1540 1956 1591 1979 01-

902 1990 1039 2023 wahnte
1073 1989 1222 2023 munden
1256 1990 1325 2023 und
1359 1990 1433 2023 eine
1466 1992 1590 2025 nabere

901 2035 1123 2078 Verbindung
1140 2036 1201 2068 mit
1218 2035 1304 2069 Rom
1321 2036 1517 2079 herstellen,
1539 2038 1589 2071 als

902 2081 955 2115 die
981 2081 1036 2114 via
1054 2081 1219 2115 Flaminia
1245 2081 1376 2115 darbot.
1394 2102 1439 2107 ——
1456 2084 1587 2121 Arret..

900 2128 953 2161 bis
965 2127 1066 2160 dahin
1078 2127 1191 2161 sijhrte
1201 2138 1269 2161 von
1280 2127 1367 2161 Rom
1378 2128 1469 2162 wohl
1481 2129 1587 2162 sehon

901 2174 976 2207 eine
995 2172 1129 2207 Strasse
1145 2184 1170 2207 s.
1186 2175 1241 2214 22,
1258 2175 1289 2209 2,
1306 2175 1335 2207 1.
1354 2174 1496 2214 welche,
1511 2176 1587 2217 sp'a—

901 2223 953 2253 ter
966 2229 1031 2253 neu
1045 2219 1217 2263 angelegt,
1230 2222 1289 2252 via
1300 2220 1420 2253 Cassia
1438 2225 1587 2263 genannt

901 2265 1030 2306 wurde,
1055 2276 1081 2299 5.
1108 2265 1203 2299 Paul.
1228 2265 1319 2298 Diae.
1346 2277 1376 2308 p.
1398 2267 1440 2299 48
1468 2265 1587 2299 Cassia

903 2313 961 2343 via
985 2322 1007 2343 a
1034 2311 1151 2345 Cassio
1175 2315 1301 2344 strata.

948 2359 1031 2390 7—1
1044 2359 1069 2390 1.
1097 2360 1193 2400 ipsis,
1220 2367 1244 2390 s.
1261 2358 1315 2391 36.
1330 2358 1384 2390 25.
1398 2358 1427 2389 8.
1442 2376 1486 2380 ——
1503 2357 1586 2390 Bal-

904 2402 1030 2444 listam,
1056 2404 1142 2436 113011
1164 2402 1185 2445 ξ
1203 2404 1223 2436 9
1250 2402 1338 2435 110011
1356 2401 1489 2435 siidlieh
1507 2413 1586 2436 vom

902 2448 1112 2491 Apenninus,
1138 2448 1205 2490 vgl.
1231 2450 1287 2489 40,
1313 2450 1367 2483 41,
1395 2449 1432 2486 2;
1459 2451 1512 2490 41,
1536 2451 1584 2491 18,

904 2496 932 2528 1.
966 2504 1021 2527 wo
1055 2493 1115 2526 das
1148 2494 1234 2526 Heer
1265 2503 1333 2526 von
1370 2493 1490 2527 Parma
1524 2505 1585 2528 aus

901 2549 943 2572 an
961 2539 1146 2572 denselhen
1160 2539 1310 2582 gelangt.
1324 2559 1368 2563 —
1381 2539 1586 2577 Suismont..

902 2585 1012 2617 neben
1049 2585 1125 2617 dem
1160 2585 1311 2618 Ballista
1347 2586 1433 2618 auch
1473 2588 1528 2628 40,
1542 2588 1580 2620 41

902 2631 1067 2664 erwahnt.
1093 2651 1138 2655 —
1159 2633 1277 2674 primo
1294 2636 1477 2675 —postr.,
1509 2642 1538 2666 0.
1553 2634 1584 2669 9.

1262 2688 1309 2721 l*
