1747 2844
230 116 282 181 62
679 142 804 176 LIBER
827 143 973 177 XXXIX.
1024 142 1116 176 CAP.
1144 145 1196 178 31.

1501 162 1526 181 a.
1548 162 1576 181 u.
1597 155 1657 181 569.

227 261 356 312 pudor
372 260 490 299 movit
506 259 654 311 primos
671 258 937 311 centuriones,
955 259 1022 310 qui
1039 258 1142 299 inter
1158 260 1232 298 tela
1250 259 1420 298 hostium
1438 265 1659 310 praetorem

228 322 533 369 conspexerunt.
584 316 715 368 itaque
739 328 878 366 urgere
908 315 1116 367 signiferos
1139 328 1210 367 pro
1241 328 1282 355 se
1304 316 1493 367 quisque,
1523 316 1663 355 iubere

170 384 208 416 1ο
229 374 374 413 inferre
397 373 507 425 signa
529 379 566 412 et
587 373 793 412 confestim
814 373 975 412 militem
996 373 1121 424 sequi.
1164 378 1374 412 renovatur
1407 372 1455 411 ab
1476 372 1663 412 omnibns

228 431 386 478 clamor,
404 431 562 482 inpetus
578 431 621 469 fit
637 431 740 469 velut
757 443 801 469 ex
818 429 1022 481 superiore
1039 429 1138 468 loco.
1176 429 1278 468 haud
1296 441 1410 469 secus
1432 441 1524 481 ergo
1542 441 1660 481 quam

226 487 413 527 torrentis
434 488 549 526 modo
573 487 746 526 fundunt
767 492 1030 538 sternuntque
1051 487 1268 538 perculsos,
1290 499 1365 526 nec
1387 487 1572 526 sustineri
1595 485 1659 525 alii

167 554 201 586 11
226 557 346 596 super
378 544 474 583 alios
494 544 712 583 inferentes
741 556 827 583 sese
851 549 1029 594 possunt.
1071 543 1266 594 fugientes
1288 543 1327 582 in
1360 550 1486 583 castra
1508 543 1661 594 equites

225 602 423 652 persecuti
446 607 540 640 sunt
561 607 594 639 et
612 600 794 652 permixti
812 600 947 639 turbae
963 601 1133 639 hostium
1153 601 1253 639 intra
1270 600 1410 639 vallum
1429 606 1659 652 penetrave-

226 663 332 706 runt,
351 658 415 697 ubi
433 658 479 697 ab
497 657 644 697 relictis
661 658 700 696 in
718 657 913 708 praesidio
931 662 1147 696 castrorum
1160 657 1352 709 proelium
1374 657 1657 704 instauratum;

163 725 203 757 12
226 715 430 766 coactique
453 720 546 754 sunt
567 714 732 753 Romani
755 714 908 766 equites
940 714 1176 754 descendere
1199 727 1244 753 ex
1267 714 1389 765 equis.
1441 713 1660 754 dimicanti-

227 771 301 811 bus
322 772 368 810 iis
385 772 487 823 legio
509 771 643 823 quinta
661 772 900 822 supervenit,
918 772 1070 818 deinde,
1093 777 1135 810 ut
1150 781 1329 823 quaeque
1346 776 1568 823 potuerant,
1591 783 1659 810 co-

165 839 204 872 13
225 829 312 880 piae
333 829 569 868 adfluebant.
611 829 829 868 caeduntur
858 828 1002 879 passim
1034 828 1196 879 Hispani
1222 841 1293 879 per
1317 833 1395 867 tota
1417 834 1564 876 castra,
1588 839 1663 867 nec

225 886 315 937 plus
345 898 461 937 quam
492 891 677 937 quattuor
704 885 809 924 milia
838 884 1043 924 hominum
1066 885 1299 936 effugerunt.
1343 885 1432 924 inde
1460 885 1534 924 tria
1555 884 1660 923 milia

225 943 320 987 sere,
344 943 411 994 qui
433 955 537 981 arma
559 943 816 990 retinuerant,
839 947 1012 980 montem
1034 942 1306 993 propinquum
1330 947 1534 993 ceperunt,
1556 941 1662 980 mille

166 1012 205 1044 14
225 1012 437 1039 semermes
461 999 626 1038 maxime
643 1012 715 1050 per
737 1012 850 1050 agros
872 999 990 1051 palati
1012 1005 1116 1038 sunt.
1149 1011 1268 1050 supra
1296 998 1455 1049 triginta
1484 998 1663 1050 quinque

224 1056 329 1095 milia
350 1056 521 1095 hostium
544 1057 719 1103 fuerant,
738 1069 783 1095 ex
805 1056 948 1107 quibus
970 1062 1046 1095 tam
1069 1055 1206 1106 exigua
1228 1068 1317 1107 pars
1342 1068 1498 1107 pugnae
1520 1067 1660 1107 super-

168 1123 205 1155 15
224 1113 310 1152 fuit.
353 1114 463 1164 signa
494 1120 604 1164 capta
637 1119 793 1152 centum
816 1113 976 1164 triginta
1007 1113 1097 1151 duo.
1139 1112 1305 1151 Romani
1337 1111 1660 1164 sociiquepaulo

224 1170 315 1221 plus
344 1171 516 1209 sexcenti
547 1176 584 1209 et
613 1170 910 1221 provincialium
933 1169 1166 1208 auxiliorum
1197 1175 1354 1208 centum
1377 1169 1662 1220 quinquaginta

225 1350 266 1372 zu
284 1341 450 1381 equitum,
476 1350 501 1372 s.
521 1342 571 1379 10,
591 1340 640 1380 19,
659 1340 707 1372 18.
722 1339 907 1381 -ριιάον,

225 1385 279 1426 27,
308 1386 358 1425 12,
391 1387 437 1417 15.
470 1404 515 1408 -
544 1387 680 1427 primos
708 1388 808 1425 cent„
840 1383 907 1426 vgl.

226 1431 279 1472 26,
302 1432 333 1471 5,
354 1431 416 1462 12;
438 1433 615 1472 primores
639 1431 905 1470 centurionum,

224 1477 279 1517 42,
294 1477 392 1516 32,7.
441 1476 507 1508 Zur
532 1475 701 1508 Situation
727 1475 794 1517 vgl.
823 1477 853 1513 6,
877 1477 907 1510 S.

225 1522 254 1554 2.
311 1520 370 1553 Die
403 1520 615 1563 Ausmalung
647 1522 767 1563 gehijrt
800 1521 910 1553 wahr-

224 1566 409 1599 scheinlich
434 1567 499 1599 den
515 1566 716 1600 Δ4111131151611
740 1565 909 1607 (Valerius

223 1611 343 1645 Antias
368 1611 420 1645 od.
441 1612 623 1653 Claudius),
649 1612 702 1644 die
723 1611 909 1644 besonders

223 1658 365 1690 manche
391 1657 532 1700 Kampse
558 1658 591 1690 in
617 1656 775 1700 Spanien,
801 1667 826 1690 s.
853 1659 907 1697 40,

224 1702 328 1737 30ff.;
354 1703 398 1735 ib.
426 1704 487 1739 39;
514 1702 617 1741 47ff.;
650 1703 731 1735 aber
755 1703 840 1735 auch
873 1702 907 1734 in

222 1748 390 1791 Ligurien
416 1758 441 1780 s
469 1750 522 1785 39
537 1749 574 1785 2;
598 1750 651 1789 40,
667 1747 768 1786 25ff.;
796 1750 849 1789 42,
868 1750 906 1785 72

223 1795 257 1827 in
291 1793 447 1835 Histrien,
493 1793 661 1835 41,1ff;
704 1795 756 1826 10
787 1803 907 1835 ausge-

223 1839 401 1873 schmiickt
426 1839 561 1881 hatten,
595 1820 755 1872 witin-end
784 1838 906 1871 andeie

223 1896 284 1918 nur
308 1885 369 1917 mit
398 1884 554 1927 wenigen
581 1884 720 1917 Worten
753 1894 821 1916 erw
825 1884 908 1916 ahnt

224 1930 299 1963 sind
331 1941 356 1963 s.
384 1932 437 1969 39,
461 1932 490 1972 7,
513 1932 549 1967 6;
584 1930 627 1962 ib.
663 1932 716 1969 21,
739 1931 776 1967 2;
811 1931 902 1971 31,1

223 1975 255 2009 ff.
275 1987 306 2009 u.
330 1986 357 2009 a.
376 1996 421 1999 —
438 1986 567 2017 urgere
590 1977 682 2017 sign.
708 1978 784 2016 etc„
810 1977 906 2007 sonst

223 2032 288 2054 von
323 2022 381 2054 der
405 2021 704 2063 Beschleunigung
736 2020 795 2053 des
820 2019 908 2052 Mar-

223 2067 333 2108 sches,
359 2067 430 2099 hier
447 2077 525 2100 vom
550 2067 729 2100 rascheren
747 2065 907 2098 Vordi-in-

222 2122 287 2154 gen
319 2112 374 2145 bei
407 2112 482 2145 dem
511 2112 646 2154 Angriff
672 2111 706 2144 in
736 2111 909 2153 geschlos-

223 2168 326 2190 senen
360 2157 552 2195 Colonnen,
590 2168 643 2189 wo
682 2157 735 2189 die
771 2157 907 2189 Fahnen

221 2203 458 2246 vorangehen,
483 2214 508 2236 s.
535 2205 589 2244 35,
615 2206 645 2243 5,
676 2204 713 2235 12
745 2213 774 2235 u.
810 2212 838 2235 a.
863 2221 908 2226 —

221 2248 368 2290 inferre,
386 2260 416 2282 n.
434 2248 638 2290 signiferos,
656 2248 782 2280 eberiso
801 2248 906 2290 hangt

221 2294 368 2326 militem
379 2296 479 2336 sequi
491 2293 618 2327 wieder
637 2304 704 2326 von
718 2294 839 2325 iubere
852 2293 905 2326 ab.

273 2342 413 2374 10—16.
439 2351 571 2381 renoo„
595 2342 628 2381 4,
641 2341 739 2379 37,9.
765 2357 810 2362 —
835 2342 906 2370 tor—

222 2389 310 2417 rent.
335 2396 392 2427 m.,
424 2387 478 2426 24,
506 2387 555 2423 10,
583 2386 619 2418 8:
654 2385 750 2416 velut
771 2386 904 2426 impetu

223 2433 410 2471 torrentis;
435 2431 495 2464 das
512 2430 567 2464 bei
585 2430 617 2463 L.
644 2429 779 2472 haufige
801 2429 903 2462 modo

222 2475 267 2507 ist
299 2477 385 2508 auch
418 2477 503 2509 nach
536 2476 635 2508 haud
663 2487 763 2508 secus
799 2484 905 2517 quam

222 2520 448 2563 beibehalten,
474 2533 532 2555 zur
557 2520 665 2554 Sache
691 2524 744 2561 40,
759 2523 812 2562 40,
827 2523 905 2554 5.-

221 2567 402 2607 sustineri,
427 2569 555 2608 3,5,8;
579 2569 631 2609 24,
661 2569 707 2608 16,
733 2571 755 2599 1.
782 2585 827 2590 —
851 2567 905 2597 in-

223 2614 290 2652 ira,
316 2612 437 2651 36,15,
453 2615 480 2645 5.
508 2632 551 2635 ——
576 2614 613 2644 in
625 2623 756 2654 praes„
781 2613 834 2652 37,
852 2611 903 2651 13,

167 1235 203 1268 16
223 1227 346 1266 ferme
365 1227 605 1266 ceciderunt.
642 1227 789 1266 tribuni
812 1227 979 1265 miiitum
1002 1226 1178 1278 quinque
1199 1226 1328 1265 amissi
1349 1232 1385 1265 et
1405 1226 1519 1277 pauci
1550 1225 1663 1277 equi-

977 1339 1008 1371 9.
1026 1357 1069 1361 —
1087 1338 1246 1370 descend.
1270 1349 1326 1380 eoe,
1351 1339 1405 1379 24,
1418 1339 1472 1379 44,
1491 1339 1546 1375 10;
1562 1338 1592 1377 2,
1607 1339 1662 1378 20,

984 1386 1032 1424 10,
1064 1383 1132 1425 vgl.
1168 1386 1221 1424 35,
1248 1385 1301 1424 34,
1333 1385 1388 1416 1οε
1430 1383 1573 1415 desilire
1617 1393 1661 1414 ea:

978 1430 1086 1471 equis,
1104 1428 1257 1471 dagegen
1275 1428 1484 1461 descendere
1500 1428 1543 1460 de
1559 1431 1591 1470 5,
1607 1430 1661 1468 46,

979 1476 1182 1515 2;6,18,9;
1209 1474 1317 1506 mita
1341 1474 1408 1517 vgl.
1435 1475 1490 1516 40,
1505 1475 1557 1514 38,
1572 1476 1662 1507 3.—

978 1523 1019 1552 ut
1053 1531 1211 1562 quaeque
1240 1523 1379 1562 potuer.
1388 1545 1398 1561 ,
1439 1519 1498 1552 der
1535 1518 1660 1560 Plural,

980 1565 1058 1598 weil
1092 1567 1213 1608 copiae
1251 1565 1286 1598 in
1319 1565 1428 1598 dieser
1459 1563 1664 1607 Bedeutung

979 1610 1107 1653 plurale
1122 1614 1252 1644 tantum
1265 1610 1322 1651 ist,
1339 1621 1364 1644 s.
1380 1613 1434 1653 34,
1449 1612 1502 1652 46,
1517 1612 1554 1648 8;
1574 1609 1662 1643 doch

978 1656 1084 1689 findet
1109 1656 1182 1689 sich
1207 1656 1360 1689 derselbe
1389 1655 1476 1689 311611
1500 1655 1533 1688 111
1559 1655 1662 1688 ande-

977 1712 1035 1735 ren
1048 1701 1165 1735 Fallen
1182 1702 1237 1734 bei
1250 1705 1300 1743 ut,
1325 1703 1387 1744 qui
1400 1713 1430 1734 u.
1447 1701 1522 1734 dem
1537 1699 1661 1744 Super-

976 1747 1078 1792 lativ,
1115 1747 1171 1780 bei
1202 1747 1278 1780 dem
1310 1746 1464 1780 Ressexiv
1499 1746 1569 1779 wol
1600 1756 1663 1779 nur

976 1793 1021 1825 im
1046 1793 1221 1833 Neutrum,
1246 1791 1313 1834 vgl.
1340 1802 1367 1825 c.
1395 1794 1449 1833 -16,
1470 1793 1508 1829 8;
1533 1792 1660 1831 1,9,8;

977 1840 1008 1879 3,
1023 1839 1075 1878 69,
1091 1840 1119 1870 8.
1145 1857 1191 1861 -
1212 1837 1294 1880 plus
1315 1847 1432 1879 quam,
1456 1836 1663 1870 adverbielle

976 1882 1402 1925 Quantitatsbestimmung
1418 1893 1460 1915 zu
1476 1886 1584 1924 quatt.
1598 1884 1662 1914 mi-

977 1928 1036 1970 lia,
1058 1928 1128 1970 'ng
1161 1930 1213 1967 38,
1241 1930 1293 1962 38.
1320 1929 1349 1961 8.
1384 1948 1428 1951 -
1461 1930 1544 1970 trig.
1576 1927 1661 1969 mil„

977 1973 1064 2006 dann
1090 1974 1180 2006 ware
1205 1973 1264 2006 das
1281 1973 1367 2006 Heer
1390 1972 1493 2006 kaum
1511 1983 1550 2007 so
1567 1972 1662 2006 stark

976 2029 1137 2062 gewesen
1163 2019 1212 2052 als
1238 2019 1297 2052 das
1321 2019 1500 2062 romische,
1525 2018 1558 2052 in
1584 2018 1660 2051 dem

977 2075 1092 2097 ausser
1125 2064 1190 2098 den
1229 2064 1350 2098 beiden
1382 2064 1552 2107 Legionen
1594 2063 1662 2097 und

978 2110 1042 2143 den
1069 2112 1177 2144 20000
1204 2110 1285 2143 socii
1307 2110 1377 2143 Lat.
1404 2109 1550 2143 nominis
1575 2109 1660 2143 auch

978 2155 1157 2198 spanische
1182 2155 1427 2198 Hfilfstiuppen
1452 2155 1606 2196 1116111611,
1633 2165 1660 2187 s.
1718 2184 1719 2187 ,

978 2200 1069 2243 §15;
1086 2212 1112 2235 c.
1128 2203 1182 2243 30,
1194 2203 1230 2240 73
1246 2200 1528 2233 wahrscheinlich
1542 2181 1660 2246 11311611

977 2247 1029 2279 (116
1053 2228 1255 2280 Annalisten
1287 2246 1362 2279 eine
1394 2248 1547 2288 grosseie
1560 2242 1660 2278 Ζ3111

976 2292 1186 2334 angegeben,
1211 2292 1251 2324 da
1277 2291 1331 2324 die
1348 2289 1410 2324 Mz.
1437 2290 1492 2324 Hs
1520 2294 1660 2322 centum

976 2339 1125 2379 triginta
1151 2339 1222 2369 tria
1252 2347 1297 2368 m.
1323 2336 1400 2377 hat,
1428 2335 1496 2378 vgl.
1524 2338 1578 2377 40,
1604 2337 1660 2378 30,

978 2385 1003 2415 1.
1037 2402 1082 2406 -
1108 2392 1255 2424 pugnae
1287 2391 1376 2423 sup„
1408 2391 1434 2414 s.
1459 2383 1513 2423 41,
1540 2382 1594 2422 26,
1620 2384 1659 2414 5:

974 2426 1182 2470 superfuere
1212 2426 1367 2469 praelim
1399 2428 1453 2467 31,
1478 2428 1532 2468 41,
1559 2428 1588 2460 3.
1613 2446 1658 2450 -—

975 2474 1079 2514 equit.
1111 2471 1222 2514 Rom„
1253 2471 1307 2505 die
1340 2470 1561 2514 Verbinduug
1597 2472 1660 2504 mit

975 2519 1055 2550 trib
1078 2518 1151 2550 mil.
1177 2497 1285 2560 zeigt,
1311 2516 1389 2550 dass
1414 2519 1546 2559 equites
1578 2517 1661 2550 illu

972 2566 1060 2595 sires
1083 2563 1232 2605 gemeint
1257 2543 1350 2602 sind,
1384 2572 1409 2596 s
1437 2564 1490 2605 30,
1521 2564 1658 2605 18,15;

974 2610 1027 2650 33,
1051 2610 1149 2651 25,,9
1175 2608 1243 2651 vgl.
1269 2588 1452 2650 33,22,;8
1475 2589 1529 2649 38,
1550 2611 1605 2650 41,
1625 2609 1657 2642 3.
