1779 2893
59 119 86 140 a.
107 111 159 138 Ch.
179 103 238 137 186.

469 98 595 132 LIBER
618 97 767 131 xxxtx.
816 96 910 131 CAP.
941 99 991 131 17.
1021 99 1071 132 13.
1450 92 1503 133 33

175 215 370 256 Contione
400 215 559 255 dimissa
590 222 719 255 terror
739 227 906 267 magnus
937 213 1034 253 urbe
1057 220 1134 252 tota
1166 213 1259 260 suit;
1293 224 1366 252 nec
1394 223 1505 251 moe·
1526 220 1547 251 4

57 273 176 314 nibus
205 286 248 313 se
269 279 420 314 tantum
453 273 563 314 urbis
585 279 651 312 aut
681 273 826 313 finibus
856 271 1043 312 Romanis
1072 271 1291 322 continuit,
1323 269 1390 309 sed
1412 281 1504 321 pas-

58 331 132 371 sim
163 343 236 384 per
255 337 375 371 totam
406 330 554 370 Italiam
586 330 726 370 litteris
756 331 959 382 hospitum
981 329 1027 368 de
1059 335 1219 368 senatus
1251 327 1435 368 consulto
1467 331 1504 366 et

59 389 244 428 contione
259 395 297 428 et
313 389 440 428 edicto
457 388 667 427 consulum
684 388 856 440 acceptis
871 386 1060 439 trepidari
1079 392 1264 437 coeptum
1287 391 1358 424 est.
1391 383 1504 424 multi
1526 393 1545 425 5

59 459 104 486 ea
134 453 272 495 nocte,
304 458 404 498 quae
437 446 542 485 diem
573 445 751 485 insecuta
774 452 854 494 est,
888 443 1029 496 quoin
1063 443 1249 483 contione
1282 455 1344 482 res
1376 441 1504 494 palam

57 503 158 543 facta
188 510 269 552 est,
311 503 498 543 custodiis
531 503 632 542 circa
664 509 797 554 portas
829 502 966 554 positis
1008 501 1207 553 fugientes
1239 513 1260 540 a
1290 499 1506 539 triumviris

59 561 336 613 comprehensi
359 567 397 600 et
417 560 571 600 reducti
592 567 706 608 sunt;
738 560 956 600 multorum
978 559 1102 598 delata
1125 558 1298 598 nomina.
1346 557 1505 608 quidam

60 631 107 658 ex
144 619 193 658 iis
223 618 294 657 viri
331 619 580 670 feminaeque
611 626 777 658 mortem
810 617 884 657 sibi
922 616 1213 656 consciverunt.

60 688 182 728 supra
211 684 362 728 septem
393 675 498 715 milia
533 675 708 714 virorum
747 688 790 715 ac
821 675 1032 714 mulierum
1073 673 1318 713 dicebantur.

1276 615 1506 654 coniurasse
1527 621 1547 654 6

1381 672 1507 723 capita

60 740 192 774 autem
223 733 510 773 coniurationis
543 733 746 772 constabat
786 745 871 772 esse
901 732 952 772 M.
986 738 1023 772 et
1055 729 1094 770 C.
1128 730 1280 771 Atinios
1313 730 1359 769 de
1392 729 1507 781 plebe

59 789 234 830 Romana
266 797 306 831 et
327 790 521 830 Faliscum
545 791 587 830 L.
614 791 865 843 Opiternium
899 796 935 829 et
955 789 1122 828 Minium
1148 787 1371 827 Cerrinium
1395 786 1507 825 Cam-

58 861 229 901 panum:
271 847 318 887 ab
349 848 409 888 his
443 848 572 887 omnin
604 848 776 887 facinora
819 854 855 887 et
885 847 1030 899 flagitia
1072 852 1177 894 orta,
1220 858 1287 885 eos
1318 845 1508 884 maximos
1531 855 1549 885 7

59 906 282 946 sacerdotes
314 906 619 957 conditoresque
651 906 736 945 eius
758 905 858 945 sacri
881 917 979 944 esse.

61 975 220 1015 quoque
240 969 420 1015 tempore
452 963 902 1015 comprehenderentur.

60 1021 173 1072 sique
195 1021 242 1061 de
263 1033 305 1060 se
328 1021 475 1060 nullam
497 1033 648 1059 moram
669 1020 814 1060 indicio
836 1021 1031 1059 fecerunt.

1034 904 1118 944 data
1142 916 1282 955 opera,
1314 908 1357 941 ut
1379 902 1508 954 primo

963 961 1120 1002 adducti
1151 961 1197 1000 ad
1221 960 1405 999 consules
1430 959 1510 998 fas-

59 1091 108 1118 ex
128 1078 227 1118 urbe
248 1078 347 1117 sacta
365 1084 458 1130 erat,
483 1084 538 1124 ut,
563 1078 652 1129 quia
674 1077 808 1117 multis
827 1077 1003 1117 actiones
1027 1082 1063 1115 et
1086 1088 1148 1115 res
1170 1075 1366 1128 peribant,
1390 1086 1508 1125 coge-

61 1201 327 1244 alterthiimlich,
346 1214 371 1235 s.
391 1214 418 1236 c,
438 1204 488 1243 14,
504 1203 534 1235 S.
549 1222 593 1225 —
607 1213 651 1234 ne
673 1204 752 1244 quis

62 1259 146 1289 rec„
171 1247 262 1281 viell.
289 1252 323 1281 et
337 1259 382 1281 ne
400 1251 479 1291 quis
495 1260 537 1289 γη,
563 1248 645 1282 oder
666 1259 752 1280 nece

62 1305 95 1337 q.
120 1305 150 1326 r.
166 1313 213 1317 -—
230 1294 362 1327 celaret
377 1294 437 1327 das
454 1293 648 1328 Verhehlen
666 1293 752 1326 wird

61 1340 136 1373 hier
179 1340 420 1373 ausdrucklich
461 1341 646 1375 verboten.
694 1339 752 1372 der

62 1385 187 1419 Hehler
210 1385 302 1419 kann
328 1386 472 1420 bestrast
500 1386 649 1427 werden,
680 1396 752 1418 was

63 1436 160 1465 sonst
194 1431 228 1464 in
262 1431 321 1465 der
353 1432 512 1465 fruheren
539 1432 610 1465 Zeit
642 1431 751 1465 selten

62 1477 252 1520 geschieht,
282 1490 308 1512 s.
335 1477 420 1511 Rein
446 1478 632 1511 Criminalr.
660 1479 736 1511 34⁹3.

109 1537 209 1568 4—7.
245 1546 309 1567 nec
347 1539 435 1568 lant.
469 1556 514 1559 -
549 1539 660 1576 cont„
695 1535 752 1566 der

64 1579 259 1613 Schrecken
296 1581 525 1614 beschrankte
567 1581 655 1614 sicli.
698 1590 754 1612 nm

64 1637 129 1660 nur
151 1626 262 1660 soi-iel
288 1629 410 1666 (etwas
428 1626 608 1669 Massiges)
635 1637 675 1659 zu
701 1636 754 1658 sa-

65 1681 144 1715 gen,
168 1672 262 1705 nicht
288 1683 386 1715 usw„
413 1684 438 1706 s.
466 1683 507 1705 zu
528 1676 557 1707 1.
578 1675 626 1706 10.
645 1675 658 1705 1
675 1686 682 1704 :
699 1674 752 1706 41.

65 1719 121 1759 22,
135 1719 153 1750 7
166 1732 173 1757 ;
188 1719 242 1759 24,
262 1720 312 1758 18,
328 1721 358 1752 7.
369 1729 463 1751 —ea
477 1722 590 1760 nocte,
605 1718 645 1751 da
661 1718 753 1750 diem

65 1763 171 1797 durch
197 1766 259 1806 qui
275 1769 339 1798 etc.
364 1764 537 1797 bestimmt
556 1765 612 1798 ist.
638 1774 676 1797 so
696 1764 751 1796 liat

64 1809 140 1842 sich
175 1821 216 1843 ea
253 1821 295 1843 an
331 1814 434 1843 nocte
474 1810 753 1853 augeschlossen.

66 1855 231 1889 wahrend
243 1866 320 1889 man
333 1860 447 1898 nocte,
465 1867 556 1898 quae
569 1867 649 1888 eum
663 1856 754 1888 diem

66 1904 133 1935 etc.
161 1907 332 1936 erwartet.
357 1922 403 1926 ——-
427 1905 478 1934 est
499 1922 545 1926 --
570 1906 629 1943 est,
655 1903 708 1936 35.
728 1904 754 1936 1.

70 1948 122 1981 12.
139 1967 186 1972 —
203 1950 358 1990 triumv„
376 1948 425 1981 sie
442 1947 589 1981 handeln
608 1949 653 1980 im
672 1947 755 1980 Auf-

68 1996 165 2036 trage
190 1993 249 2027 der
275 1994 435 2036 Consuln,
463 2004 488 2027 s.
508 2005 535 2028 c.
556 1996 605 2034 16,
627 1995 682 2027 12:
703 1996 752 2030 14.

68 2039 100 2072 9.
126 2058 173 2063 —
195 2043 281 2083 sept.
308 2050 366 2082 m.,
403 2050 430 2074 c.
461 2042 580 2076 13.14.
607 2060 652 2063 —-
677 2040 755 2072 Ati-

70 2086 159 2126 nios,
185 2095 210 2119 S.
237 2096 265 2119 c..
293 2087 616 2126 21‚2:34,46;47.
644 2105 689 2109 ἡ
714 2085 756 2117 de

64 2130 168 2174 plebe
192 2131 257 2165 soll
283 2131 377 2164 wohl
394 2142 456 2164 nur
474 2131 538 2164 den
557 2131 675 2165 Stand.
703 2131 755 2163 die

70 2175 226 2210 Abkunft
250 2177 424 2220 angeben.
458 2187 483 2210 s,
509 2178 608 2219 236,
624 2178 654 2217 2,
686 2181 758 2209 ent—

71 2222 262 2266 sprechend
290 2223 492 2263 Faliscum,
528 2222 758 2265 Campanum,

71 2268 167 2302 nicht
202 2269 280 2302 dass
321 2268 372 2302 sie
409 2268 468 2301 der
504 2269 628 2309 infima
662 2268 760 2311 plebs

0 2332 10 2343 ο
72 2315 239 2357 angehfirt
272 2315 402 2355 haben,
437 2325 462 2348 s.
490 2316 520 2348 2.
535 2315 689 2349 55.4:8.
704 2315 758 2350 33.

74 2361 117 2393 12
142 2372 175 2394 u.
190 2371 219 2394 a.
244 2380 291 2384 —
313 2360 401 2393 Min.
422 2360 532 2402 Gerr„
558 2371 585 2393 c.
603 2362 653 2401 13,
669 2361 699 2393 9.
714 2379 759 2383 —

72 2415 170 2440 maae.
187 2417 270 2448 sac„
295 2406 362 2439 wie
375 2408 430 2448 27,
445 2408 476 2448 6,
494 2409 531 2439 Π
550 2406 620 2449 vgl.
636 2408 689 2447 37,
706 2408 760 2440 51.

77 2453 106 2485 1.
122 2471 169 2476 -
184 2453 340 2485 indicio:
359 2452 419 2485 das
437 2451 659 2486 Gestandniss
677 2451 761 2484 iiber

74 2497 129 2531 die
147 2508 253 2541 ganze
266 2498 537 2541 Angelegenheit
551 2497 620 2531 und
638 2497 760 2530 andere

74 2541 333 2583 Theilnehmer;
348 2544 481 2577 Andere
495 2544 590 2577 lesen
602 2543 739 2576 iudicio
751 2556 762 2574 .-

76 2587 182 2623 dnreh
205 2590 258 2624 ihr
282 2589 505 2623 Gestandniss
529 2590 685 2623 machten
713 2589 761 2621 sie

147 2651 205 2679 Tit.
220 2652 281 2678 Liv.
293 2652 342 2679 IX.
360 2654 382 2679 1.
400 2653 423 2678 ἱ).
441 2652 516 2678 Auss.

823 1212 859 1234 es
883 1201 1052 1243 moglicli.
1083 1200 1161 1233 dass
1187 1198 1341 1242 sogleich
1366 1197 1425 1230 das
1451 1196 1512 1229 L‘r-

824 1247 906 1280 theil
936 1247 1054 1289 gesallt
1089 1246 1227 1279 werden
1260 1244 1410 1278 konnte.
1445 1243 1511 1275 wie

823 1304 859 1326 es
885 1306 911 1326 c.
932 1294 1029 1333 1512,
1055 1293 1122 1336 vgl.
1151 1292 1293 1332 (2182,
1327 1299 1514 1332 vorausge-

824 1344 911 1372 setzt
938 1339 1033 1371 wird.

869 1396 927 1431 18.
959 1396 1054 1428 1—-2,
1091 1398 1190 1427 tanta
1216 1411 1260 1422 =
1286 1397 1357 1426 tam
1386 1394 1514 1425 multo-

824 1452 914 1474 rum.
942 1461 984 1465 -—
1009 1440 1101 1483 fuga
1118 1460 1163 1464 —-
1179 1440 1279 1478 facta
1307 1451 1366 1479 er..
1393 1451 1417 1472 s.
1435 1441 1465 1480 3,
1481 1441 1512 1480 9,

829 1489 877 1520 12.
905 1507 949 1510 —
976 1489 1133 1519 actiones
1159 1490 1191 1518 el
1216 1497 1272 1518 res
1303 1486 1428 1528 per‘z'b..
1464 1485 1513 1518 sie

824 1533 982 1566 verloren
1009 1532 1061 1565 die
1088 1534 1193 1573 actio,
1220 1542 1321 1564 wenn
1349 1543 1384 1564 es·
1409 1531 1513 1563 ilinen

825 1579 915 1611 nicht
951 1578 1100 1621 moglich
1135 1588 1205 1610 war
1239 1578 1313 1610 eine
1338 1577 1446 1619 Klage
1473 1587 1513 1610 zu

823 1625 956 1657 reehter
974 1625 1045 1657 Zeit
1065 1623 1289 1665 anznstellen,
1307 1634 1335 1656 z.
1356 1622 1392 1656 B.
1412 1633 1513 1655 wenn

825 1671 884 1703 der
918 1670 1061 1703 Prozess
1095 1670 1129 1702 in
1165 1670 1258 1702 einer
1294 1669 1514 1702 bestimmten

826 1717 896 1749 Zeit
935 1715 1155 1749 entschieden
1194 1715 1332 1748 werden
1374 1720 1515 1749 musste.

826 1763 929 1795 damit
948 1762 1001 1795 die
1020 1762 1218 1804 Fordernng
1236 1761 1327 1794 nicht
1346 1761 1515 1802 x'erjalire,

827 1809 868 1841 da
902 1809 988 1841 nach
1022 1808 1079 1841 dei·
1112 1808 1166 1840 lex
1201 1807 1299 1840 Furia
1334 1806 1386 1839 die
1421 1807 1516 1839 Hast—

826 1855 943 1897 pssicht
964 1854 1022 1887 der
1039 1854 1191 1896 Bttrgern
1211 1853 1302 1886 nicht
1322 1854 1406 1886 siber
1428 1853 1512 1885 zwei

825 1900 926 1933 Jahre
953 1900 1111 1934 dauerte.
1147 1911 1171 1933 s.
1199 1898 1344 1932 Rndorff
1373 1899 1516 1931 Rechts-

827 1947 939 1989 gesch.
974 1949 1000 1980 1.
1016 1948 1076 1980 51:
1111 1946 1160 1978 sie
1186 1945 1342 1978 verloren
1369 1945 1422 1977 die
1449 1955 1516 1985 res,

826 1992 955 2025 Rechte
981 1992 1050 2025 nnd
1075 1990 1314 2034 Gegenst'ande
1341 1993 1410 2025 (res
1440 2001 1517 2023 cor-

819 2039 966 2081 porales
993 2042 1027 2070 et
1043 2037 1311 2080 incorporales».
1338 2047 1438 2069 wenn
1458 2036 1519 2069 der

826 2084 994 2127 Beklagte
1013 2084 1085 2117 sein
1104 2083 1338 2126 Yersprechen
1357 2093 1418 2116 vor
1440 2082 1517 2115 dem

827 2130 965 2163 Richter
982 2141 1023 2162 zu
1038 2129 1237 2162 erscheinen
1255 2129 1347 2161 nicht
1367 2128 1516 2169 erfullte,

828 2177 1071 2209 vadimonium
1097 2176 1289 2208 deserebat.
1315 2174 1382 2216 vgl.
1411 2184 1436 2206 c.
1462 2176 1516 2212 41,

829 2223 866 2257 7:
894 2221 1032 2255 Rudorf.
1060 2232 1087 2254 a.
1116 2232 1143 2254 a.
1173 2220 1208 2254 Ο.
1235 2222 1367 2254 2.·250;
1394 2230 1435 2251 zu
1461 2219 1517 2252 lex

830 2267 937 2299 Acilia
960 2278 991 2310 p.
1011 2269 1094 2302 531:
1123 2269 1274 2300 aetionis
1300 2265 1435 2308 duplici
1460 2267 1519 2297 via

830 2315 930 2345 eoeire
955 2313 1046 2345 diem
1063 2324 1165 2356 posse
1187 2314 1344 2344 constat:
1369 2322 1461 2351 una,
1486 2312 1519 2342 .ςί

833 2359 1037 2401 temporalis
1050 2361 1143 2391 aetio
1162 2360 1218 2398 sit,
1243 2357 1339 2389 velut
1362 2357 1518 2389 honor-a-

831 2407 900 2445 ria,
914 2408 978 2436 aut
984 2407 1167 2448 sponsor-1¹3
1177 2406 1210 2435 et
1218 2403 1518 2445 fidepromzssssoris

833 2450 1013 2492 obligatio,
1041 2452 1102 2492 qui
1128 2450 1202 2491 lege
1227 2449 1344 2481 Furia
1374 2449 1516 2481 biennio

835 2496 1053 2535 liberamur,-
1079 2495 1203 2536 altera,
1227 2497 1259 2526 εἰ
1276 2495 1399 2527 absens
1415 2498 1519 2528 actor·

834 2541 881 2574 ad
896 2541 1140 2573 vadimonium
1158 2551 1229 2573 non
1250 2544 1429 2573 ocem-rat.
1448 2543 1516 2573 ita-

834 2598 900 2629 que
914 2587 974 2619 illo
993 2587 1133 2629 quidem
1147 2587 1250 2619 modo
1266 2589 1432 2630 actiones,
1450 2588 1517 2619 hoc

1291 2645 1308 2677 3

1086 1018 1266 1058 Ceterum
1289 1023 1394 1057 tanta
1416 1017 1507 1067 fuga
1521 1024 1567 1060 18
