1779 2893
522 92 650 126 LlBER
674 92 809 127 XXXX.
859 93 953 128 CAP.
981 96 1034 128 22.

57 78 85 134 a.
104 105 156 133 eh.
178 104 236 131 181.
1433 93 1513 131 155

10 212 14 216 ’
59 225 102 252 se
121 210 244 250 maria
273 214 510 261 montesque
541 217 577 249 et
610 222 745 250 amnes
785 223 830 250 ex
863 223 943 250 uno
974 210 1063 250 loco
1094 212 1274 264 conspici
1295 214 1513 265 potuerint.

5 271 21 308 ε’
58 268 185 309 vexati
207 280 359 317 omnes,
384 273 422 307 et
442 273 532 307 ante
554 267 651 307 alios
674 280 743 307 rex
764 269 863 321 ipse,
895 280 973 320 quo
998 269 1153 319 gravior
1173 276 1297 310 aetate
1319 277 1414 319 erat,
1438 271 1515 310 dif-
1537 277 1556 309 6

13 334 16 336 '
57 327 232 367 ficultate
252 326 335 365 viae
358 332 429 365 est.
469 324 622 365 duabus
648 326 725 365 aris
747 326 801 365 ibi
823 326 903 365 Iovi
927 332 963 365 et
984 325 1066 366 Soli
1088 327 1250 366 sacratis
1273 340 1363 367 cum
1386 329 1516 368 inmo·
1537 335 1554 367 7

0 393 4 397 ’
58 385 190 433 lasset,
224 396 300 436 qua
331 383 462 422 triduo
493 383 737 433 ascenderat,
767 383 888 423 hiduo
921 389 979 423 est
1010 383 1235 435 degressus,
1269 386 1416 437 frigora
1441 399 1514 426 no-

60 449 201 482 cturna
222 440 390 480 maxime
411 447 610 490 metuens,
641 454 742 492 quae
766 441 966 481 caniculae
991 449 1083 482 ortu
1106 441 1247 481 similia
1268 443 1515 484 brumalibus

59 504 182 540 erant.
198 498 334 538 multis
349 510 423 550 per
440 511 507 538 eos
526 498 608 538 dies
626 499 922 539 difficultatibus
943 499 1191 539 conflictatus
1211 500 1334 539 nihilo
1355 501 1517 541 laetiora
1537 508 1556 542 8

59 559 102 598 111
123 556 261 596 castris
283 555 447 604 invenit,
471 556 540 595 ubi
572 569 723 596 sumnia
758 558 925 609 penuria
947 565 1042 605 erat,
1066 564 1110 596 ut
1129 557 1171 596 in
1193 559 1373 609 regione,
1397 572 1515 611 quam

58 615 106 656 ab
128 614 238 654 omni
255 619 367 667 parte
385 613 622 654 solitudines
639 615 881 654 clauderent.
924 615 1057 666 itaque
1069 627 1196 655 unum
1213 621 1368 655 tantun]
1385 629 1516 656 mora-
1538 623 1557 655 9

57 679 123 713 tus
139 672 255 720 diem,
278 671 423 723 quietis
446 684 583 711 eorum
606 685 735 722 causa,
759 685 860 724 quos
877 672 1067 712 habuerat
1085 685 1234 722 secum,
1257 673 1399 714 itinere
1422 674 1514 713 inde

57 729 176 771 simili
196 729 313 781 fugae
335 729 376 768 in
407 729 664 770 Dentheletos
694 731 945 770 transcurrit.
988 730 1085 770 socii
1115 737 1237 777 erant,
1260 731 1328 770 sed
1350 739 1516 784 propter
1541 738 1579 770 10

55 787 232 841 inopiam
249 787 354 827 haud
370 800 486 826 secus
508 800 627 839 quam
640 788 815 828 hostium
826 789 926 828 fines
943 787 1181 828 Macedones
1199 789 1378 841 populati
1396 796 1512 837 sunt3

56 845 250 898 rapiendo
273 845 378 885 enim
411 846 558 897 passim
590 845 700 885 villas
731 846 919 898 primum,
943 846 1033 885 dein
1058 848 1247 898 quosdam
1271 847 1386 886 etiam
1408 847 1516 886 vicos
1540 855 1575 886 11

57 909 298 953 evastarunt,
329 915 411 943 non
442 903 529 942 sine
558 916 703 954 magno
734 904 888 956 pudore
919 904 1038 955 regis,
1061 917 1152 944 cum
1175 904 1374 943 sociorum
1398 917 1515 944 voces

57 961 302 1014 nequiquam
315 960 410 1000 deos
423 961 588 1001 sociales
612 974 840 1014 nomenque
850 961 1229 1014 suuminplorantes
1241 962 1408 1002 audiret.
1430 963 1516 1001 fru-
1542 969 1578 1002 12

55 1025 191 1059 mento
213 1018 306 1058 inde
327 1018 481 1058 sublato
503 1018 545 1058 in
562 1019 776 1058 Maedicam
794 1032 1014 1071 regressus,
1038 1019 1190 1066 urbem,
1215 1032 1333 1071 quam
1358 1019 1515 1060 Petram

57 1077 269 1129 adpellant,
302 1075 535 1128 obpugnare
568 1083 626 1116 est
656 1077 831 1116 adortus.
874 1077 959 1129 ipse
981 1090 1001 1116 a
1025 1078 1235 1129 campestri
1259 1078 1366 1117 aditu
1389 1084 1516 1117 castra

54 1134 211 1187 posuit3
249 1133 439 1173 Perseum
475 1134 599 1173 filiuni
637 1147 725 1174 cuin
763 1134 917 1174 modica
948 1147 1068 1174 manu
1105 1135 1378 1184 circummisit,
1418 1143 1460 1175 ut
1496 1148 1516 1175 a
1542 1143 1577 1176 13

55 1190 332 1244 superioribus
374 1190 471 1230 locis
510 1191 649 1231 urbem
689 1192 985 1243 adgrederetur.
1029 1193 1230 1244 oppidani,
1262 1205 1353 1232 cum
1385 1199 1516 1233 terror
1540 1201 1577 1232 14

55 1249 236 1302 undique
268 1248 447 1296 instaret,
480 1248 684 1289 obsidibus
716 1250 814 1289 datis
836 1251 876 1289 in
900 1250 1123 1302 praesentia
1147 1250 1382 1290 dediderunt
1404 1263 1512 1299 sese3

55 1307 172 1347 iidem
204 1313 415 1359 postquam
445 1307 642 1347 exercitus
679 1308 856 1356 recessit,
890 1308 1001 1347 obliti
1033 1308 1215 1348 obsidum
1246 1308 1384 1348 relicta
1415 1308 1514 1349 urbe

55 1365 97 1404 in
118 1364 203 1404 loca
225 1364 378 1404 munita
401 1371 439 1404 et
459 1373 617 1405 montes
640 1366 888 1417 refugerunt.

169 1422 381 1474 Philippus
399 1422 507 1462 omni
526 1434 672 1474 genere
690 1423 836 1463 laboris
853 1423 938 1462 sine
958 1423 1038 1462 ullo
1062 1423 1205 1462 effectu
1223 1424 1391 1476 fatigatis
1408 1424 1511 1463 mili·
1535 1431 1574 1463 15

821 1501 949 1543 tlzel.,§
970 1504 1002 1534 1:
1020 1503 1073 1543 39,
1089 1503 1143 1536 53.
1162 1504 1211 1535 12.
1227 1503 1404 1545 ——poan
1419 1506 1514 1545 sunt,

820 1547 906 1580 dazu
931 1547 975 1580 ist
1003 1547 1179 1581 entweder
1205 1560 1327 1581 eos-nm
1353 1550 1443 1589 fines
1472 1559 1515 1582 zu

54 1504 237 1543 montesq„
264 1500 359 1534 diese
384 1501 504 1534 hatten
530 1501 600 1535 wol
626 1512 679 1535 am
698 1512 748 1534 er-

56 1550 133 1581 sten
160 1547 310 1590 gesehen
335 1546 475 1580 werden
501 1547 652 1589 konnen,
678 1548 746 1590 vgl.

56 1592 181 1626 Strabo
207 1592 229 1626 l.
256 1592 749 1636 l.—esset—potue7‘zssnt=

57 1642 146 1672 esset
176 1649 260 1672 nam
293 1649 366 1672 non
395 1658 440 1663 —
469 1643 678 1682 potuerunt.
704 1660 748 1663 —

55 1689 137 1718 ante
161 1685 219 1718 al..
249 1687 276 1725 l,
303 1686 396 1729 15„ss
423 1696 454 1718 u.
482 1696 523 1727 a.,
560 1685 619 1719 der
652 1686 747 1719 darin

53 1731 213 1774 liegende
241 1731 589 1774 Comparativbegriff
605 1749 650 1761 =
675 1743 749 1764 ma-

51 1779 112 1820 gis
137 1788 246 1820 quam
271 1779 380 1810 ceteri
402 1777 517 1810 macht
535 1789 598 1811 nur
620 1778 673 1811 die
692 1778 751 1810 Er-

55 1825 215 1867 ganzung
240 1833 309 1857 von
343 1833 382 1855 eo
409 1823 540 1866 nothig,
572 1834 597 1857 s.
626 1826 749 1865 39.40,

60 1872 164 1912 1;25,
181 1872 210 1910 1,
226 1872 257 1903 6.
284 1889 329 1892 -
349 1872 515 1912 gravior,
542 1871 643 1908 219.
660 1874 690 1904 6.
706 1891 750 1894 ——

57 1919 109 1948 est
124 1926 167 1949 an
186 1915 246 1949 das
264 1915 390 1948 n'ahere
408 1914 504 1958 Suhj.
529 1917 751 1959 angeschlos-

56 1972 129 2004 sen,
155 1964 187 2004 3,
202 1964 234 2004 7,
251 1963 286 2000 1;
303 1963 357 2003 21,
371 1963 426 1998 52.
441 1964 471 1996 4.
498 1981 543 1985 —
567 1961 669 2005 frig„
696 1965 750 2003 21,

57 2010 113 2048 58,
134 2010 158 2041 1.
184 2027 230 2031 —
256 2011 369 2040 cante.
396 2011 490 2050 ortu,
524 2008 611 2041 Plin.
649 2010 750 2050 2,-17,

60 2055 142 2088 123:
162 2054 410 2086 ardentissimo
429 2057 574 2087 aestatis
593 2058 750 2098 tempore

57 2102 225 2132 emoritur
259 2100 446 2132 caniculae
477 2101 578 2133 sidus
601 2120 657 2143 —,
688 2105 752 2143 qm?

58 2146 132 2179 dies
157 2145 229 2178 XV
256 2149 339 2178 ante
363 2146 549 2187 Augustas
584 2147 750 2179 calendas

57 2195 127 2224 est:
155 2191 315 2235 obgleich
333 2191 394 2224 das
411 2191 662 2235 Hundsgestirn
680 2198 747 2225 erst

56 2238 209 2272 sichtbar
226 2237 355 2279 wurde,
373 2237 480 2271 lioher
495 2236 650 2271 Sonimer
667 2248 749 2271 war.

104 2285 227 2318 8-14.
248 2286 426 2327 penuria,
461 2283 521 2317 der
546 2284 749 2317 Entschluss

57 2330 118 2364 das
143 2329 290 2373 Gebirge
324 2340 366 2363 zu
400 2330 579 2373 besteigen
616 2330 749 2363 scheint

55 2376 157 2410 rasch
182 2376 312 2419 gefasst
338 2375 408 2409 und
433 2386 471 2409 so
498 2376 580 2410 oder
605 2386 665 2410 aus
684 2376 752 2409 Un-

58 2422 240 2456 kenntniss
281 2421 340 2455 der
376 2421 653 2456 Bescliaffenheit
693 2422 751 2455 der

58 2467 201 2511 Gegend
243 2467 297 2501 die
333 2467 641 2512 Herheischaffung
681 2480 750 2502 von

57 2513 328 2548 Lebensmitteln
353 2515 526 2548 versaumt
545 2514 683 2548 worden
708 2525 749 2547 zu

62 2560 147 2593 sein.
173 2579 216 2584 -
243 2563 392 2602 tantum,
418 2570 444 2593 s.
464 2563 519 2601 36,
538 2563 588 2601 10,
606 2560 702 2604 13.·§
722 2563 748 2602 1,

59 2606 126 2640 wie
152 2604 325 2649 iianfiger,
350 2617 413 2640 nur
436 2617 560 2640 unum.
586 2626 630 2631 —
655 2607 750 2639 Den-

820 1593 966 1629 denken.
993 1604 1018 1627 s.
1042 1596 1074 1629 4.
1099 1596 1154 1635 51,
1175 1596 1191 1626 7
1220 1606 1250 1627 u.
1272 1606 1312 1631 a..
1340 1595 1421 1629 oder
1447 1606 1514 1636 eos,

820 1652 844 1673 5.
874 1642 904 1681 3,
933 1641 987 1681 23,
1017 1642 1053 1673 ἴε
1090 1640 1156 1673 Cic.
1193 1640 1259 1674 div.
1295 1642 1328 1674 in
1357 1642 1454 1675 Caec.
1485 1644 1513 1679 1.

820 1687 856 1719 2:
908 1688 970 1728 qni
1015 1686 1156 1727 (Sz'eult')
1206 1698 1303 1720 nune
1349 1687 1516 1730 populati

818 1735 911 1764 smzt.
945 1752 988 1755 —
1023 1733 1210 1775 ναρίεηᾱο,
1245 1739 1359 1773 unter,
1400 1733 1514 1766 indem

822 1778 882 1818 sie,
910 1788 937 1811 c.
965 1781 1019 1817 54,
1036 1780 1067 1812 S.
1094 1798 1139 1803 —
1165 1779 1246 1812 deos
1270 1791 1352 1820 soc„
1378 1779 1432 1813 die
1458 1780 1514 1812 bei

822 1824 899 1857 dein
917 1824 1108 1858 Abschluss
1134 1825 1194 1858 des
1213 1825 1426 1859 Btindnisses
1445 1836 1516 1859 wa-

821 1881 880 1903 ren
907 1871 1094 1913 angerufen
1121 1871 1273 1913 worden,
1300 1874 1330 1910 3,
1357 1874 1408 1913 15,
1425 1874 1514 1905 3.—

822 1927 961 1951 nomen.
988 1917 1044 1949 ihu
1072 1917 1126 1950 bei
1146 1918 1275 1951 seinem
1294 1918 1436 1959 Namen,
1463 1918 1514 1951 als

821 1963 934 2005 Konig
960 1963 1028 1996 und
1053 1962 1378 2006 Bundesgenossen.
1406 1983 1451 1988 —
1476 1967 1513 1997 in

821 2008 936 2042 Maed.
969 2020 1078 2052 regin,
1111 2009 1216 2043 Prisc.
1246 2013 1274 2049 ἶ,
1302 2013 1340 2045 16
1368 2022 1399 2054 p.
1428 2012 1513 2043 737:

820 2055 946 2087 Le'rz'zcs
971 2058 1006 2087 [n
1033 2055 1094 2088 XL
1121 2057 1162 2088 ab
1190 2057 1277 2088 urbe
1302 2057 1446 2089 condita
1468 2076 1513 2080 —

822 2105 1068 2143 transgressus
1104 2103 1270 2135 Perseum
1314 2103 1430 2143 filium
1468 2102 1512 2135 ist

821 2147 914 2180 nicht
940 2157 1051 2190 genau
1078 2147 1200 2190 citiert,
1226 2148 1294 2191 vgl.
1322 2148 1342 2191 ξ
1365 2152 1392 2182 1.
1442 2149 1513 2181 Aus

821 2192 897 2225 dem
924 2193 1018 2235 Folg.
1047 2193 1129 2236 geht
1154 2194 1287 2230 hervor.
1315 2194 1394 2227 dass
1419 2194 1511 2227 nicht

821 2248 907 2280 ganz
933 2238 1070 2272 Madien
1096 2239 1173 2273 dem
1191 2239 1304 2283 Konig
1325 2246 1514 2273 unterwor-

821 2284 876 2317 fen
903 2285 958 2318 ist.
984 2305 1029 2309 —-
1053 2287 1214 2327 Petram,
1248 2286 1340 2319 nicht
1371 2297 1412 2319 zu
1438 2296 1514 2318 ver-

821 2330 998 2364 wechseln
1035 2332 1096 2364 mit
1135 2331 1211 2364 dem
1249 2334 1303 2373 39,
1325 2334 1417 2374 26,1
1456 2342 1514 2374 ge-

822 2380 972 2409 nannten
999 2387 1052 2410 am
1079 2377 1259 2421 Olympus,
1285 2377 1354 2420 vgl.
1381 2380 1436 2417 44,
1458 2379 1512 2417 32,

821 2424 851 2455 9.
868 2442 912 2446 -
927 2433 1039 2466 camp.
1058 2423 1171 2464 aditu,
1198 2425 1251 2462 36,
1270 2426 1321 2464 10,
1341 2426 1379 2457 7:
1407 2435 1427 2456 α
1446 2423 1512 2456 wie

821 2468 893 2511 §82
922 2470 964 2501 ab
991 2471 1099 2510 omni,
1124 2471 1179 2510 44,
1195 2470 1226 2507 9.
1242 2471 1280 2507 2;
1303 2473 1329 2510 1,
1344 2471 1398 2508 33,
1415 2472 1444 2503 ῖ.
1467 2489 1512 2493 —

821 2514 898 2547 loca
932 2525 976 2546 m.
1011 2526 1037 2548 e.
1073 2519 1227 2555 montes.
1261 2525 1297 2548 es
1332 2515 1408 2548 sind
1442 2515 1511 2549 wol

820 2560 907 2593 feste
935 2560 1051 2594 Platze
1086 2561 1131 2594 im
1165 2560 1330 2604 Gebirge,
1365 2560 1512 2605 Bergca-

819 2606 929 2640 stelle.
