1747 2844
221 113 299 152 17ss

652 113 775 146 LIBER
799 114 931 147 XXXX.
983 114 1074 147 CAP.
1103 117 1156 148 35.
1185 116 1237 148 36.

1489 134 1515 153 a.
1536 133 1564 152 u.
1585 127 1644 153 574.

219 242 300 269 cem
318 229 552 268 confecisse.
596 241 742 280 paucae
767 228 951 276 civitates,
974 236 1016 267 ut
1037 228 1192 292 quidem
1216 241 1287 280 ego
1310 229 1448 274 audio,
1471 242 1568 280 quas
1587 229 1644 268 x-i-

218 287 303 326 cina
333 286 497 324 maxime
521 285 683 324 hiberna
705 285 955 336 premebant
987 286 1026 324 in
1049 286 1109 324 ius
1131 286 1403 337 dicionemque
1436 285 1643 334 venerunt,

161 351 196 383 14
218 344 422 382 ulteriores
445 343 483 380 in
507 342 623 380 armis
646 348 750 380 sunt.
795 355 893 392 quae
916 355 1005 381 cum
1028 342 1078 381 ita
1100 343 1200 390 sint,
1225 355 1296 393 ego
1319 343 1392 382 iam
1416 343 1508 382 hinc
1530 355 1642 394 prae-

216 400 314 445 dico,
337 405 467 451 patres
490 399 716 449 conscripti,
739 411 800 437 me
823 398 993 441 exercitu
1017 411 1075 446 e0,
1098 399 1163 449 qui
1187 412 1294 438 nunc
1316 405 1386 448 est,
1410 412 1490 438 rem
1513 399 1643 451 publi-

215 469 295 495 cam
330 455 711 503 atlministraturum3

749 456 778 494 si
811 455 975 494 deducat
996 468 1129 494 secum
1152 456 1311 495 Flaccus
1333 456 1530 507 legiones,
1561 456 1644 495 loca

215 520 347 564 pacata
377 525 438 551 me
470 512 515 550 ad
547 512 796 551 hibernacula
827 512 1019 551 lecturum
1043 524 1169 563 neque
1192 525 1334 552 novum
1358 513 1519 552 militem
1540 514 1643 552 fero-

216 570 371 609 cissimo
393 569 493 607 hosti
518 569 774 613 obieeturum.
790 571 805 588 ‘⁴

154 627 203 663 36

329 626 495 676 Legatus
526 626 571 664 ad
594 639 657 673 ea,
690 638 788 676 quae
811 625 1071 675 interrogatus
1094 631 1194 671 erat,
1227 625 1430 677 respondit
1451 638 1581 677 neque
1602 639 1643 665 se

217 696 344 734 neque
367 695 599 736 quemquam
631 681 745 721 alium
770 682 939 721 divinare
961 694 1098 733 posse,
1131 682 1225 733 quid
1247 682 1285 720 in
1309 683 1438 721 animo
1462 682 1643 722 Celtiberi

177 744 195 776 2
215 741 405 779 haberent
436 746 502 778 aut
530 751 650 790 porro
682 739 849 777 habituri
882 745 1025 778 essent.

1076 739 1207 790 itaque
1238 751 1381 789 negare
1410 751 1490 778 non
1514 752 1642 791 posse,

217 797 310 848 quin
334 797 479 835 rectius
501 797 551 834 sit
573 796 684 834 etiam
709 796 753 833 atl
778 801 935 846 pacatos
956 794 1163 842 barbaros,
1194 796 1368 834 nondum
1391 796 1483 835 satis
1505 796 1644 835 adsue-

174 858 193 890 3
214 860 273 892 tos
291 854 468 905 imperio,
492 852 703 891 exercitum
720 852 832 890 mitti.
863 864 962 890 novo
985 859 1112 891 autem
1135 864 1182 890 an
1206 858 1332 891 vetere
1354 853 1525 892 exercitu
1544 865 1643 904 opus

215 911 284 956 sit,
316 911 398 949 eius
430 922 515 948 esse
537 909 679 956 dicere,
703 909 768 960 qui
791 909 891 947 scire
913 909 1057 960 possit,
1089 921 1162 960 qua
1185 909 1259 947 tide
1282 908 1463 948 Celtiberi
1485 909 1524 947 in
1548 921 1644 960 pace

215 966 388 1006 mansuri
410 967 499 1009 sint,
522 966 638 1005 simul
660 972 697 1004 et
719 966 785 1016 qui
802 965 897 1005 illud
915 965 1155 1016 exploratum
1173 965 1322 1013 habeat,
1346 965 1549 1016 quieturos
1569 966 1645 1004 mi·-

173 1029 194 1060 4
214 1025 312 1071 lites,
335 1024 366 1062 si
385 1023 530 1062 (liutius
548 1023 585 1061 in
609 1022 808 1073 provincia
832 1022 1087 1062 retineantur.
1125 1022 1156 1060 si
1180 1035 1225 1061 ex
1248 1035 1307 1069 eo,
1330 1022 1434 1073 quod
1456 1027 1522 1061 aut
1541 1022 1645 1062 inter

215 1095 255 1120 se
278 1081 491 1131 loquantur
517 1085 582 1117 aut
604 1079 973 1118 succlamationibus
996 1080 1098 1130 apusl
1121 1079 1411 1118 contionantem
1434 1079 1643 1131 imperato-

214 1150 294 1177 rem
311 1137 545 1187 signilieent,
564 1136 656 1187 quid
674 1136 855 1183 sentiant,
874 1135 1171 1174 coniectandum
1190 1135 1251 1181 sit,
1274 1135 1397 1187 palam
1415 1136 1644 1175 vociferatos

215 1207 298 1234 esse
330 1200 395 1232 aut
417 1194 690 1244 imperatorem
714 1193 751 1230 in
775 1192 974 1244 provincia
997 1197 1220 1231 retenturos
1241 1198 1308 1231 aut
1329 1204 1415 1230 cum
1439 1205 1484 1231 eo
1506 1193 1547 1231 in
1569 1192 1644 1231 lta-

175 1256 193 1287 5
215 1251 302 1290 liam
335 1257 520 1288 venturos
542 1262 640 1288 esse.
683 1249 1005 1300 disceptationem
1028 1249 1130 1288 inter
1151 1255 1370 1300 praetorem
1392 1249 1641 1300 legatumque

218 1308 424 1347 consulum
439 1306 572 1345 relatio
585 1306 807 1357 interrupit,
826 1306 891 1357 qui
909 1318 998 1344 suas
1016 1306 1144 1345 ornari
1164 1305 1396 1356 provincias,
1413 1307 1641 1357 priusquam

215 1399 252 1429 5:
267 1397 504 1440 perdomitam
520 1397 754 1437 prooz'nee'mn,
773 1394 893 1427 anders

213 1442 439 1485 §4:1225,
464 1446 500 1477 8:
524 1444 577 1475 41,
605 1443 653 1479 12,
677 1442 695 1473 3
730 1451 760 1472 ιι.
796 1450 822 1472 a.
850 1459 893 1463 —

213 1488 436 1527 rebellalm'a,
463 1486 572 1519 selten
593 1486 660 1518 und
685 1485 777 1517 mehr
802 1485 893 1517 dieli-

214 1533 347 1571 terisch,
374 1532 440 1573 vgl.
471 1535 498 1566 1.
515 1534 543 1565 7.
565 1535 601 1569 5:
629 1531 671 1563 ih.
699 1532 751 1565 28,
780 1533 813 1567 1;
840 1533 892 1569 56,

214 1580 243 1611 8.
269 1598 312 1602 ——
339 1578 482 1618 confec„
516 1577 574 1609 (ler
607 1575 767 1608 Godanlze
803 1576 892 1608 kann

214 1624 393 1666 allgen1‹=i11
412 1632 611 1665 genounnen
634 1621 787 1654 werden:
816 1621 893 1653 dass

212 1679 287 1702 man
305 1688 350 1692 —
367 1669 464 1702 habe.
491 1668 569 1700 aber
593 1667 685 1699 nicht
710 1667 759 1698 als
778 1667 893 1708 Frage.

212 1735 256 1737 —
289 1718 329 1746 ut
353 1726 383 1756 q.
411 1725 437 1746 e.
468 1713 594 1753 audio,
627 1712 791 1749 ironiseh3
827 1712 895 1744 ein-

214 1760 289 1792 fach
316 1759 380 1792 Cic.
409 1759 477 1791 Ati.
509 1760 539 1793 6,
567 1760 593 1793 1,
618 1760 677 1790 25;
712 1761 751 1789 ut
776 1758 895 1797 audio,

213 1805 280 1848 vgl.
309 1805 348 1837 de
374 1815 442 1846 rep.
470 1806 499 1839 2,
516 1807 568 1843 31,
584 1806 644 1835 55:
671 1806 711 1834 ‘ab
735 1803 893 1844 equidem

214 1850 384 1892 Intellz'go.
409 1853 448 1881 ut
480 1849 574 1890 qnid.
601 1848 720 1880 anders
739 1858 764 1880 r.
786 1851 838 1884 37,
854 1852 891 1881 (ὗε

214 1897 245 1935 9,
274 1899 321 1937 11,
346 1897 383 1933 ὓς
407 1898 437 1936 4,
462 1897 514 1928 35,
537 1896 566 1926 8.
593 1913 637 1917 —
663 1895 698 1924 in
726 1895 780 1924 ius
813 1894 893 1929 die„

214 1943 267 1977 32,
293 1944 346 1979 33,
369 1943 406 1978 8:
430 1942 483 1979 36,
509 1941 558 1972 11,
579 1941 608 1972 9.
635 1958 679 1962 —
704 1949 792 1980 quae
819 1949 845 1970 ο.
870 1940 893 1970 z'.

212 1990 299 2027 slnt,
333 1986 401 2028 Ygl.
438 1989 468 2025 5,
494 1988 546 2019 54.
570 1988 598 2017 Γι.
627 2001 670 2007 —
697 1986 766 2016 [am
801 1985 893 2025 ltine,

214 2033 319 2065 sehon
345 2042 411 2064 von
438 2031 508 2063 bier
533 2040 604 2067 aus,
634 2030 715 2062 hier.
752 2029 813 2061 ehe
840 2029 892 2061 ich

214 2089 274 2110 nur
308 2077 340 2109 in
376 2077 428 2108 (lie
458 2076 602 2108 Provinz
639 2075 790 2111 homme,
823 2075 891 2115 vgl.

214 2133 288 2155 zum
315 2122 498 2154 (iedanken
525 2123 577 2155 22.
594 2123 646 2158 39,
662 2124 680 2154 6
696 2120 737 2158 f.;
760 2122 813 2154 27.
838 2123 891 2155 40,

215 2171 251 2205 8:
287 2167 423 2200 zeitlich
457 2167 545 2199 steht
572 2168 642 2198 iam
668 2168 749 2198 hine
783 2169 812 2202 7,
839 2167 891 2205 29,

219 2216 298 2251 138.
316 2217 345 2247 7,
361 2215 390 2249 7,
410 2212 476 2255 vgl.
495 2212 590 2244 Hand
607 2211 749 2245 Tursell.
771 2213 895 2248 3123:

220 2262 334 2292 143——
347 2269 473 2300 remp„
489 2257 551 2290 den
567 2257 677 2299 Krieg,
689 2268 713 2290 s,
732 2258 894 2292 35,10.8.

259 2303 320 2338 38.
351 2307 444 2337 1—4.
471 2314 592 2345 porro,
612 2303 720 2335 serner
737 2319 778 2330 =
798 2301 897 2333 kuns-

214 2350 332 2391 tigliin,
355 2351 445 2384 10,S,
462 2351 514 2381 10:
532 2348 605 2387 fuit
621 2358 800 2391 porroque
818 2349 895 2387 erit,

215 2394 364 2436 ltiiuliger
390 2394 491 2426 findet
519 2404 554 2426 es
581 2394 651 2426 sich
677 2403 714 2425 so
741 2393 793 2425 bei
829 2392 892 2425 ‹len

213 2438 404 2472 Komikern.
442 2459 485 2463 —-
519 2441 604 2481 quin
639 2439 722 2471 nach
761 2448 893 2480 negat-e

214 2495 283 2515 von
308 2496 353 2526 p.,
380 2485 474 2517 Corn.
512 2484 605 2517 Dion.
642 2486 671 2520 2,
695 2485 725 2522 2,
759 2483 892 2515 ahnlieh

217 2529 247 2561 L.
275 2531 304 2566 2,
325 2533 350 2562 1,
366 2532 405 2563 3:
431 2540 542 2571 neque
566 2531 761 2571 ambigitur
786 2531 893 2570 quin,-

216 2576 246 2615 8,
261 2577 314 2610 40,
334 2578 343 2606 1
362 2588 367 2606 1
393 2585 456 2606 ηε(-
474 2575 651 2617 discrepat
668 2587 718 2616 q.:
743 2574 786 2606 ib.
807 2576 837 2615 2,
855 2576 871 2606 2

963 1394 1042 1426 Tae„
1061 1394 1146 1426 Ann.
1167 1397 1216 1435 13,
1236 1396 1292 1427 14:
1318 1405 1390 1426 non
1407 1396 1562 1427 abnuere
1589 1406 1643 1436 (1.,-

965 1440 1057 1472 Caes.
1088 1439 1124 1472 B.
1157 1440 1192 1472 G.
1225 1442 1255 1480 7,
1281 1442 1389 1481 44,4:
1415 1451 1479 1472 nee
1509 1442 1580 1472 iam
1606 1451 1643 1472 α-

965 1485 1044 1517 liter
1068 1487 1198 1517 sentire
1222 1496 1252 1527 q.
1273 1484 1338 1518 Cic.
1361 1484 1460 1518 Tusc.
1488 1488 1519 1527 5,
1534 1487 1565 1527 7,
1585 1487 1640 1523 17ς

965 1531 1033 1563 Fin.
1061 1532 1161 1571 5,11,
1176 1532 1217 1562 32
1244 1541 1273 1562 n.
1293 1540 1341 1569 a.;
1366 1531 1455 1564 ohne
1472 1542 1518 1573 se,
1543 1541 1568 1564 s.
1588 1532 1642 1571 42,

968 1577 1138 1616 12,2;23,
1163 1578 1210 1617 10,
1224 1577 1253 1610 6.
1279 1576 1396 1609 —ad
1412 1587 1450 1619 p.
1476 1578 1572 1609 barb.
1598 1593 1643 1605 =

965 1621 1141 1659 aduersus,
1168 1632 1191 1653 5.
1224 1625 1250 1662 l,
1265 1624 1295 1662 5,
1311 1623 1340 1654 7.
1355 1632 1484 1664 —qna
1503 1622 1584 1664 fide,
1611 1624 1641 1660 8,

969 1668 1018 1707 17,
1041 1669 1085 1699 10.
1101 1666 1264 1698 —simul
1288 1670 1320 1699 et
1345 1678 1375 1709 q.
1400 1667 1462 1709 ill.5
1487 1667 1642 1710 zugleich

965 1712 1050 1744 anch
1061 1712 1162 1752 einer,
1177 1712 1230 1744 ein
1242 1712 1384 1753 solcher,
1399 1712 1457 1745 der
1467 1712 1526 1745 das
1536 1723 1640 1750 uSW.;

965 1767 1041 1790 man
1060 1757 1159 1790 sollte
1176 1757 1284 1789 simul
1296 1761 1329 1789 et
1340 1758 1432 1790 illud
1443 1760 1505 1800 qui
1521 1768 1644 1790 erwar-

964 1806 1030 1843 ten,
1051 1803 1115 1835 wie
1134 1803 1199 1835 Cic.
1217 1802 1347 1835 Cluent.
1365 1805 1417 1844 17,
1431 1804 1473 1836 48
1491 1803 1645 1835 simulet

963 1848 1055 1880 illud
1067 1850 1144 1889 quis
1158 1851 1207 1879 est
1219 1850 1302 1889 qui,-
1314 1848 1357 1880 ih.
1373 1851 1427 1889 57,
1448 1851 1526 1887 155;
1547 1848 1588 1881 ad
1602 1850 1639 1887 Q.

963 1893 1000 1925 sr.
1021 1894 1046 1926 l.
1068 1898 1094 1933 1,
1111 1895 1164 1934 43,
1180 1894 1211 1925 L.
1228 1895 1280 1933 31,
1296 1895 1348 1935 36,
1365 1895 1401 1925 7:
1419 1897 1460 1926 ut
1473 1897 1644 1926 cresceret

962 1938 1069 1970 simul
1082 1942 1114 1970 et
1126 1939 1279 1970 audacia
1293 1940 1451 1970 l10sti.—
1464 1940 1642 1981 saeclum„

963 1984 1029 2026 vgl.
1050 1985 1103 2018 28,
1123 1985 1252 2019 26,12;
1277 1984 1372 2016 ultro
1388 1987 1553 2017 territuri
1567 1996 1643 2017 snc-

964 2009 1244 2070 clamatiomeus
1269 2031 1323 2069 42,
1338 2031 1390 2067 28,
1406 2032 1424 2063 3
1451 2041 1480 2063 u.
1507 2041 1548 2071 a.,
1573 2030 1641 2083 xgl.

963 2074 1056 2107 Hom
1072 2075 1106 2107 ll.
1132 2076 1182 2116 19,
1195 2076 1253 2108 80:
1279 2071 1390 2107 υἷι-δὲ’
1377 2075 1493 2108 εὀικεν
1509 2071 1642 2119 υββάλ-

963 2117 1047 2152 λειι.
1061 2140 1104 2144 --
1119 2121 1266 2162 apud—
1278 2123 1373 2162 Imp„
1390 2130 1490 2154 wenn
1509 2122 1558 2154 sie
1577 2122 1641 2162 bei,

962 2176 1017 2198 nm
1030 2166 1229 2206 ihnstehen,
1248 2166 1281 2198 in
1293 2165 1490 2199 Contionen
1505 2185 1549 2190 —-
1563 2177 1643 2199 con-

965 2214 1042 2244 ieci.
1056 2213 1111 2252 sit,
1126 2221 1201 2244 man
1216 2214 1340 2252 miisse,
1355 2211 1496 2248 dtirfe;
1487 2221 1532 2244 lm
1547 2211 1640 2254 Folg.

967 2256 1070 2289 fehlt:
1097 2267 1134 2289 so
1161 2256 1262 2289 wolle
1288 2266 1322 2289 er
1347 2265 1461 2298 sagen,
1489 2266 1512 2289 s.
1540 2267 1567 2289 ‹·.
1590 2259 1640 2297 14,

965 2305 1003 2338 9:
1032 2305 1058 2343 1,
1081 2304 1134 2342 28,
1157 2305 1193 2338 5:
1217 2303 1270 2342 21,
1297 2304 1346 2344 18,
1369 2303 1397 2335 8.
1432 2319 1476 2325 —
1506 2305 1641 2335 ventur.

966 2358 1045 2389 esso,
1072 2358 1096 2380 5
1124 2349 1178 2387 41,
1198 2349 1278 2387 10,“

1010 2393 1287 2434 5-—‹5.d1·.scept
1319 2391 1372 2425 (lie
1401 2378 1643 2436 Verhandlung

963 2438 1055 2470 hatte
1081 2437 1153 2470 sich
1171 2417 1389 2470 unmit'telbar
1410 2447 1451 2470 an
1477 2437 1541 2471 den
1559 2419 1642 2472 Ver?

965 2488 1036 2525 trag
1061 2483 1118 2515 ‹ler
1143 2482 1335 2516 Gesandten
1365 2483 1642 2526 angeschlossen,

962 2528 1030 2570 vgl.
1057 2530 1109 2565 39,
1125 2530 1177 2566 38,
1194 2529 1222 2561 8.
1249 2547 1293 2551 --
1317 2528 1430 2570 relat„
1460 2538 1485 2562 s.
1519 2531 1572 2566 39,
1587 2531 1640 2571 39,

964 2576 992 2606 6.
1020 2594 1063 2597 —
1088 2576 1231 2614 ornari,
1261 2573 1314 2606 die
1342 2574 1503 2616 nothi-gen
1529 2574 1641 2608 Mittel
