1747 2796
246 57 308 97 -20
670 60 793 93 LIBER
817 59 963 93 xxxrx
1012 60 1104 94 CAP.
1133 63 1183 94 10.
1212 62 1262 94 11.

1524 78 1551 98 a.
1572 78 1601 98 u.
1621 70 1679 97 568.

255 181 360 215 ratus
400 187 490 214 cum
528 174 642 214 verba
673 180 754 214 tum
787 175 1120 226 perturbationem
1151 179 1296 215 tantam
1331 174 1561 214 adulescens
1590 187 1680 226 par-

255 244 343 272 cere
382 231 711 271 exsecrationibus
740 232 859 275 iubet:
900 237 1062 271 matrem
1093 231 1130 271 id
1161 231 1233 271 sibi
1269 231 1514 271 adsentiente
1543 232 1680 272 vitrico

214 298 234 330 4
254 290 480 341 imperasse.
522 288 710 337 „vitricus
731 292 851 339 ergo“
884 288 1012 340 inquit
1044 294 1161 337 „tuus
1181 311 1237 316 —
1257 294 1418 328 matrem
1449 288 1554 328 enim
1584 289 1680 328 insi-

253 345 402 385 mulare
432 345 593 384 forsitan
624 346 682 384 fas
712 358 792 384 non
824 346 873 385 sit
893 368 947 373 —
977 345 1201 397 pudicitiam
1232 345 1371 384 famam
1406 357 1517 397 spem
1546 345 1680 385 vitam-
1731 345 1734 349 ’

215 411 232 442 5
254 414 330 453 que
351 407 455 441 tuam
477 402 672 453 perditum
695 402 751 441 ire
781 403 856 441 hoc
876 403 978 441 facto
1000 408 1196 454 properat.
1239 414 1285 441 eo
1306 401 1429 453 magis
1448 402 1680 442 mirabundo

254 458 548 510 quaerentique,
571 459 664 510 quid
685 459 739 499 rei
762 464 876 511 esset,
908 470 1043 510 pacem
1072 459 1302 510 veniamque
1331 463 1487 510 precata
1518 459 1681 498 deorum

253 516 506 566 dearumque,
528 516 559 555 si
583 522 714 554 coacta
739 516 895 555 caritate
926 516 1010 554 eius
1039 515 1186 555 silenda
1217 515 1472 565 enuntiasset,
1502 515 1681 555 ancillam

254 585 295 611 se
315 573 368 612 ait
388 572 567 611 dominae
588 573 768 612 comitem
791 573 828 611 id
849 572 1059 611 sacrarium
1084 572 1262 621 intrasse,
1283 572 1446 612 liberam
1465 584 1680 624 numquam

147 617 193 650 N
212 637 232 670 6
253 641 299 668 eo
321 629 551 668 accessisse:
582 629 682 669 scire
706 629 1017 681 corruptelarum
1048 629 1176 668 omnis
1206 630 1362 681 generis
1383 641 1467 669 eam
1487 630 1682 670 officinam

254 698 351 734 esse,
385 692 421 725 et
451 685 525 725 iam
555 686 715 725 biennio
747 692 927 725 constare
958 686 1153 725 neminem
1190 686 1383 726 initiatum
1414 686 1467 725 ibi
1496 687 1681 726 maiorem

212 752 231 784 7
253 743 367 782 annis
396 742 544 793 viginti.
586 749 628 781 ut
658 744 825 794 quisque
855 743 1102 782 introductus
1133 743 1195 791 sit,
1226 744 1331 783 velut
1359 743 1552 782 victimam
1581 743 1681 783 tradi

252 799 541 847 sacerdotibus;
565 812 632 838 eos
654 799 845 839 deducere
868 800 907 839 in
929 799 1073 847 locum,
1096 800 1164 851 qui
1185 800 1449 839 circumsonet
1469 800 1682 840 ululatibus

254 862 450 907 cantuque
472 856 727 907 symphoniae
751 862 788 895 et
811 856 1074 908 cymbalorum
1097 863 1135 896 et
1164 862 1439 908 tympanorum
1470 857 1601 908 pulsu,
1632 870 1681 897 ne

253 925 325 951 vox
346 913 581 964 quiritantis,
603 925 690 952 cum
715 925 786 964 per
805 914 881 952 vim
902 918 1084 965 stuprum
1114 913 1319 961 inferatur,
1351 913 1525 953 exaudiri
1545 914 1681 965 possit.

212 978 231 1011 8
252 982 363 1009 orare
385 969 475 1008 inde
496 974 612 1021 atque
633 969 851 1018 obsecrare,
877 976 919 1009 ut
950 982 1032 1009 eam
1063 982 1143 1008 rem
1176 982 1428 1021 quocumque
1457 970 1573 1009 modo
1603 971 1683 1010 dis-

253 1032 416 1074 cuteret,
438 1038 511 1065 nec
531 1038 573 1065 se
594 1039 639 1065 eo
662 1026 948 1078 praecipitaret,
970 1026 1036 1065 ubi
1059 1026 1188 1065 omnia
1209 1026 1364 1066 infanda
1389 1026 1569 1078 patienda
1600 1028 1682 1079 pri-

213 1092 372 1130 9mum,
404 1082 543 1122 deinde
571 1083 745 1122 facienda
777 1089 926 1131 essent;
968 1095 1097 1134 neque
1126 1087 1216 1122 ante
1251 1082 1397 1122 dimisit
1431 1096 1534 1132 eum,
1567 1095 1682 1135 quam

194 1146 236 1182 11
253 1140 367 1179 fidem
388 1139 494 1178 dedit
513 1139 743 1179 adulescens
764 1140 810 1179 ab
831 1140 891 1179 his
913 1139 1032 1179 sacris
1053 1152 1095 1179 se
1117 1145 1436 1191 temperaturum.
1468 1139 1682 1192 Postquam

253 1196 411 1235 domum
450 1196 568 1244 venit,
601 1201 638 1235 et
668 1202 790 1236 mater
817 1197 1058 1236 mentionem
1090 1196 1234 1245 intulit,
1271 1196 1366 1248 quid
1399 1209 1445 1236 eo
1481 1197 1556 1244 die,
1588 1198 1682 1249 quid

253 1253 439 1305 deinceps
455 1253 607 1302 ceteris,
629 1265 729 1304 quae
750 1254 796 1292 ad
816 1266 923 1293 sacra
945 1253 1201 1305 pertinerent,
1226 1253 1446 1292 faciendum
1473 1260 1590 1303 esset,
1612 1266 1682 1293 ne-

254 1315 318 1361 gat
337 1321 474 1349 eorum
495 1322 536 1348 se
558 1309 766 1362 quicquam
786 1310 980 1349 facturum
1002 1322 1076 1349 nec
1096 1309 1240 1349 initiari
1265 1309 1338 1349 sibi
1361 1310 1401 1349 in
1431 1310 1562 1350 animo
1584 1323 1682 1351 esse.

213 1375 231 1406 2
252 1367 383 1406 aderat
421 1366 593 1406 sermoni
631 1366 804 1406 vitricus.
853 1366 1058 1406 confestim
1095 1367 1237 1406 mulier
1277 1366 1464 1406 exclamat
1500 1366 1683 1420 Hispalae

252 1422 467 1462 concubitu
488 1435 621 1462 carere
645 1436 735 1462 eum
765 1424 900 1463 decem
932 1428 1067 1463 noctes
1097 1436 1178 1463 non
1209 1436 1338 1475 posse,
1370 1422 1476 1463 illius
1505 1430 1684 1465 excetrae

254 1534 321 1556 von
346 1525 530 1556 eaeseeram‘
554 1525 591 1554 ῖη
617 1526 725 1565 eaput
748 1534 774 1555 c.
801 1525 929 1565 51,1·2;

254 1571 308 1610 26,
323 1570 376 1609 25,
395 1570 450 1606 1·2;
477 1570 756 1601 eaesecrationem
767 1571 805 1600 in
819 1579 933 1611 popu-

254 1614 359 1654 lari&
375 1615 491 1655 1,5l,1
510 1616 716 1656 :increpare
727 1616 765 1645 in
779 1614 932 1656 aliquem

254 1661 308 1699 27,
325 1661 353 1701 1,
367 1660 386 1692 9
419 1659 464 1692 ist
500 1659 668 1691 detestari
697 1661 735 1690 in
771 1659 932 1701 gehildet,

252 1704 356 1737 daher
366 1704 412 1736 im
425 1704 518 1746 Folg.
534 1706 849 1746 eaesecratz'onibus,
863 1705 930 1747 vgl.

256 1752 308 1791 10,
324 1751 377 1791 38,
395 1751 434 1783 10
448 1749 469 1782 f.
481 1764 487 1787 ;
501 1760 652 1791 parcere
669 1761 802 1782 eoesecr.
821 1750 885 1782 wie
901 1752 931 1792 8,

253 1798 284 1837 7,
300 1797 352 1829 21.
378 1814 422 1819 —-
446 1797 562 1827 minas
580 1806 671 1838 per„
696 1797 725 1837 2,
741 1797 794 1837 36,
810 1796 839 1828 6.

299 1842 398 1874 4—9.
420 1844 619 1883 properat„
652 1851 690 1873 so
726 1840 854 1873 schnell
882 1841 932 1873 als

254 1886 413 1928 moglich,
431 1896 467 1918 er
483 1886 602 1919 nimmt
618 1886 690 1918 sich
704 1886 796 1919 nicht
810 1886 930 1919 einmal

255 1931 325 1965 Zeit
353 1931 446 1964 dazu.
480 1951 524 1955 —
549 1942 631 1974 pao.
665 1941 752 1973 ven„
789 1933 929 1971 1,31,7.

253 1977 445 2009 —silenda
468 1993 513 2005 =
536 1988 627 2019 quae
648 1977 783 2010 silenda
808 1981 930 2017 essent,

254 2022 320 2055 wie
365 2022 511 2054 celanda
548 2026 578 2062 5,
606 2024 654 2063 15,
682 2025 739 2064 10,
776 2023 931 2063 visenda,

254 2068 411 2110 optanda
434 2079 465 2100 u.
493 2069 533 2108 a„
559 2078 583 2100 S.
612 2069 665 2109 38,
683 2070 732 2109 15,
748 2070 777 2101 5.
799 2087 842 2090 —
859 2070 930 2099 iam

254 2114 394 2145 hiennio
414 2113 459 2145 ist
483 2123 549 2146 von
566 2114 748 2145 initiatum
765 2116 932 2155 getrennt,

254 2169 310 2191 um
324 2168 360 2191 es
371 2157 633 2191 nachdri'icklich
646 2158 930 2191 voranzustellen.

255 2223 299 2227 ——
312 2204 375 2236 vel.
389 2206 479 2245 vict„
497 2205 547 2245 10,
562 2205 615 2245 38,
630 2205 650 2237 8
665 2203 685 2237 f.
700 2223 745 2227 —
757 2204 932 2246 deducer.,

255 2249 446 2291 allgemein,
471 2249 530 2282 das
556 2248 677 2290 ObJect
711 2249 795 2281 wird
828 2249 929 2281 leicht

256 2304 316 2327 aus
333 2294 408 2327 dem
418 2294 709 2337 Zusammenhang
718 2304 930 2337 genommen,

256 2338 309 2371 die
323 2339 586 2382 Wiederholung
598 2351 665 2373 von
679 2342 709 2372 is
720 2339 928 2377 vermiedem

257 2383 382 2417 eberiso
406 2385 451 2418 ist
470 2395 511 2418 zu
534 2385 716 2425 inferatur
740 2396 780 2419 zu
798 2384 930 2418 denken

258 2431 302 2460 ei.
325 2448 368 2452 Q
392 2433 453 2471 qm·
472 2433 644 2473 circum„
668 2431 726 2464 der
750 2442 816 2465 von
842 2431 930 2463 allen

257 2472 373 2506 Seiten
398 2475 623 2517 wiederhallt,
650 2480 747 2510 sonst
770 2487 836 2510 von
862 2476 931 2509 ela-

258 2528 336 2550 mor
367 2519 565 2561 gebrauclit,
598 2522 665 2563 vgl.
697 2533 722 2555 c.
759 2523 928 2563 15‚6;21‚

1003 1525 1056 1565 33,
1071 1524 1100 1557 6.
1126 1542 1171 1547 —
1196 1527 1288 1556 eant.
1320 1525 1471 1567 symph„
1496 1524 1562 1559 Cic.
1589 1524 1680 1559 Verr.

1002 1572 1033 1610 5,
1051 1571 1101 1611 13,
1116 1571 1176 1603 31:
1194 1569 1384 1602 mulierum
1400 1571 1544 1603 vocibus
1560 1574 1683 1603 eantu-

1002 1625 1068 1656 que
1083 1615 1338 1658 symphoniam
1363 1614 1396 1648 S.
1411 1614 1511 1649 Rosc.
1527 1618 1581 1657 46,
1601 1617 1680 1650 134;

1002 1663 1110 1692 cantu
1130 1670 1254 1692 vocum
1272 1664 1307 1692 et
1320 1671 1512 1694 nervorum
1528 1664 1563 1694 et
1577 1662 1681 1694 tibia-

1001 1715 1092 1746 rum,
1118 1704 1168 1738 oft
1194 1705 1279 1739 auch
1304 1716 1366 1738 nur
1389 1707 1613 1749 symphonia.
1637 1724 1681 1732 -—

1001 1752 1134 1791 quirit„
1160 1760 1185 1783 s.
1212 1760 1238 1783 c.
1266 1752 1297 1791 8,
1311 1751 1340 1783 8.
1367 1770 1411 1774 —
1434 1761 1510 1794 nee,
1535 1753 1679 1793 40‚9,5.

1001 1814 1046 1819 —
1061 1797 1103 1827 ab
1123 1797 1154 1828 lz.
1171 1806 1197 1828 s.
1210 1806 1236 1828 s.
1255 1799 1368 1838 temp„
1386 1796 1446 1829 das
1463 1796 1586 1830 dessen
1602 1807 1680 1831 man

1001 1840 1072 1873 sicli
1098 1841 1238 1882 entlialt,
1263 1840 1325 1873 mit
1349 1841 1408 1882 ab,
1434 1841 1500 1875 wie
1526 1844 1556 1884 7,
1573 1845 1678 1884 20,9;

1001 1887 1054 1927 25,
1070 1887 1175 1927 25‚9;
1203 1886 1236 1918 in
1263 1885 1404 1919 anderer
1427 1886 1631 1931 Bedeutung
1647 1890 1679 1931 6,

1002 1933 1054 1971 17,
1069 1933 1104 1968 8;
1131 1934 1226 1964 sonst
1252 1932 1337 1964 auch
1354 1931 1417 1965 mit
1438 1932 1513 1966 dem
1530 1932 1606 1967 Abl.
1624 1933 1678 1967 od.

1000 1976 1108 2009 Dativ.

1044 2022 1097 2056 11.
1126 2023 1221 2055 1—3.
1255 2025 1422 2055 mention.
1454 2025 1530 2065 int„
1562 2034 1587 2057 s.
1603 2026 1634 2064 4,
1652 2026 1683 2066 1,

1002 2069 1031 2100 2,
1057 2086 1101 2091 —-
1126 2077 1217 2109 quae
1248 2087 1293 2092 —
1314 2070 1498 2110 pertinen,
1531 2068 1591 2102 das
1623 2069 1681 2102 Er-

1002 2112 1212 2154 sorderliche,
1237 2112 1284 2146 ist
1305 2112 1367 2146 frei
1384 2113 1606 2156 hinzugefi'igt
1623 2124 1680 2147 um

1000 2157 1064 2191 den
1090 2158 1193 2191 durch
1223 2158 1312 2200 quid
1342 2158 1592 2201 angedeuteten
1616 2158 1680 2194 Be-

1000 2203 1080 2246 griff
1114 2203 1327 2237 bestimmter
1366 2214 1407 2238 zu
1451 2201 1677 2244 bezeiehnem

999 2259 1121 2281 eorum
1150 2249 1254 2282 davor
1282 2259 1322 2282 zu
1359 2248 1511 2290 denken,
1547 2250 1680 2284 scheint

999 2294 1093 2327 nicht
1110 2293 1240 2336 nothig,
1257 2305 1282 2328 s.
1302 2305 1329 2328 c.
1350 2297 1470 2337 16,13,
1494 2295 1563 2338 vgl.
1586 2296 1682 2338 quod

1001 2357 1045 2362 —-
1069 2341 1238 2371 attineret
1253 2340 1306 2381 23,
1322 2341 1376 2381 25,
1390 2342 1420 2374 4.
1445 2360 1490 2364 —
1511 2351 1578 2374 nee
1591 2357 1634 2370 ==
1647 2344 1682 2374 et

1000 2384 1112 2425 (dicit)
1128 2395 1164 2416 se
1183 2394 1266 2417 non..
1283 2404 1328 2409 —
1343 2387 1498 2427 initiari,
1521 2385 1593 2419 sicli
1609 2385 1679 2419 ein·

1000 2430 1133 2462 weilien
1162 2429 1283 2462 lassen.
1310 2449 1354 2454 —
1377 2434 1559 2472 excetrae,
1592 2431 1678 2464 nach

1000 2474 1138 2508 Servius
1163 2474 1261 2517 Verg.
1288 2473 1370 2509 Aen.
1397 2477 1428 2517 6,
1442 2476 1525 2509 287:
1560 2474 1678 2520 hydra
1735 2488 1737 2491 ·

997 2530 1138 2563 serpens
1191 2522 1356 2553 immanis
1407 2521 1677 2564 magnitudinis,
