1779 2893
0 245 17 308 ἒι

0 0 149 231 Γ

106 112 138 132 a.
159 105 213 132 ch.
233 103 293 131 17¹3.

522 89 651 123 LIBER
673 88 822 123 XXXXI.
871 87 968 122 CAP.
997 89 1049 122 15.
1078 89 1131 122 16.

1509 80 1566 121 29

111 209 363 252 continuatio
384 208 468 262 ipsa
491 207 761 247 efficacissima
777 212 899 254 esset,
921 205 1085 245 minime
1102 204 1339 253 convenire3
1361 204 1467 243 inter
1487 208 1569 242 tra·
1588 209 1609 243 8

112 269 307 310 ditionem
326 265 483 319 imperii
504 266 798 318 novitatemque
820 263 1075 306 successoris,
1099 276 1199 316 quae
1222 262 1435 302 noscendis
1455 261 1569 314 prius

111 339 232 380 quam
252 325 418 378 agendis
437 323 558 363 rebus
578 323 779 364 inbuenda
801 323 873 370 sit,
895 334 1012 374 saepe
1033 321 1136 361 hene
1157 321 1353 373 gerendae
1374 320 1431 360 rei
1453 331 1569 359 occa-

112 385 248 425 siones
276 382 528 423 intercidere.

589 381 753 434 probata
784 379 931 433 Popilli
960 379 1158 419 excusatio
1190 385 1261 418 est.
1316 378 1361 418 P.
1391 377 1571 417 Licinius
1591 382 1611 415 9

114 442 279 482 Crassus
299 439 502 481 sacrificiis
523 452 565 479 se
587 439 770 492 impediri
793 437 1054 478 sollemnibus
1077 436 1309 484 excusabat,
1339 448 1389 475 ne
1411 435 1451 475 in
1476 447 1571 488 pro-

112 499 283 539 vinciam
305 498 394 538 iret.
431 497 592 537 citerior
609 497 799 550 Hispania
822 497 1047 536 obvenerat.
1085 501 1263 534 ceterum
1278 500 1346 533 aut
1362 494 1419 533 ire
1440 493 1572 532 iussus
1594 498 1634 531 10

113 563 181 598 aut
201 557 332 597 iurare
353 568 427 609 pro
450 556 642 595 contione
664 555 846 594 sollemni
868 554 1062 594 sacrificio
1092 566 1134 592 se
1164 552 1382 605 prohiberi.
1431 551 1470 590 id
1500 550 1571 590 ubi

112 615 155 655 in
176 614 220 654 P.
242 614 397 654 Licinio
429 613 482 653 ita
504 619 696 653 statutum
718 620 798 662 est,
831 619 868 652 et
890 611 937 652 ab
960 625 1001 651 se
1022 611 1079 650 uti
1099 611 1162 650 ius
1182 610 1394 650 iurandum
1415 609 1573 661 accipe-

113 678 207 713 rent
237 672 292 712 M.
321 671 533 712 Cornelius
554 671 789 724 postulavit,
824 683 874 710 ne
905 670 946 710 in
968 669 1201 722 Hispaniam
1232 667 1462 707 ulteriorem
1483 667 1573 705 iret.

114 736 322 784 praetores
343 729 459 769 ambo
482 729 524 768 in
547 730 683 769 eadem
704 728 822 768 verba
844 729 1038 768 iurarunt.
1081 727 1131 765 M.
1150 726 1323 765 Titinius
1345 731 1381 764 et
1410 723 1448 763 T.
1464 724 1574 763 Fon·
1597 729 1634 763 11

113 788 219 828 teins
247 787 512 842 proconsules
540 800 702 827 manere
735 800 825 827 cum
857 787 996 826 eodem
1017 784 1174 837 imperii
1203 784 1289 823 iure
1319 784 1361 822 in
1382 782 1576 835 Hispania

113 846 231 894 iussi,
264 852 301 886 et
329 852 374 885 ut
402 845 444 884 in
466 845 791 898 supplementum
812 845 875 884 his
901 844 975 884 tria
997 843 1103 883 milia
1136 842 1280 882 civium
1301 840 1576 880 Romanorum

117 916 210 945 cum
232 903 434 956 equitibus
456 903 650 951 ducentis,
685 904 863 956 quinque
885 902 992 942 milia
1015 900 1168 941 socium
1190 899 1322 940 Latini
1343 899 1517 939 nominis
1538 904 1577 938 et

117 962 287 1002 trecenti
311 962 465 1014 equites
485 961 752 1012 mitterentur.

234 1019 399 1059 Latinae
420 1019 540 1058 feriae
562 1019 673 1058 fuere
695 1025 784 1058 ante
806 1018 910 1058 diem
930 1016 1094 1056 tertium
1117 1028 1245 1055 nonas
1265 1015 1399 1063 Maias,
1423 1015 1463 1053 in
1487 1014 1575 1067 qui-
1600 1016 1647 1053 16

117 1077 195 1118 bus
216 1076 306 1130 quia
329 1077 369 1116 in
390 1089 470 1116 una
492 1077 622 1116 hostia
652 1077 905 1128 magistratus
929 1074 1161 1113 Lanuvinus
1182 1080 1367 1126 precatus
1388 1085 1471 1112 non
1495 1078 1576 1111 erat

116 1135 272 1189 populo
300 1134 481 1174 Romano
514 1134 750 1182 Quiritium,
779 1132 965 1184 religioni
994 1132 1081 1171 fuit.
1133 1131 1170 1171 id
1202 1144 1292 1170 cum
1315 1131 1361 1170 ad
1394 1135 1579 1170 senatum
1599 1137 1619 1170 2

117 1193 288 1233 relatum
311 1199 413 1232 esset
433 1198 674 1244 senatusque
687 1192 734 1231 ad
751 1191 989 1244 pontificum
1009 1189 1220 1242 collegium
1237 1189 1453 1234 reiecisset,
1475 1200 1579 1240 pon-

117 1250 306 1299 tificibus,
329 1249 420 1303 quia
441 1262 522 1289 non
545 1256 653 1289 recte
674 1250 798 1290 factae
819 1248 983 1289 Latinae
1005 1254 1135 1287 essent
1151 1278 1160 1295 ,
1182 1246 1411 1287 instauratis
1426 1245 1580 1286 Latinis

120 1364 177 1406 32,
196 1364 251 1406 28,
262 1365 296 1398 4.
324 1366 438 1405 tenor,
464 1362 590 1396 erklart
609 1362 716 1396 durch
735 1373 818 1396 con·

122 1411 301 1443 tinuatio:
328 1409 388 1443 der
413 1409 724 1452 Zusammenhang.

168 1457 293 1490 8—11.
319 1458 416 1488 inter
437 1456 484 1490 ist
507 1458 616 1490 etwas
641 1456 743 1489 freier
761 1455 822 1488 auf

123 1503 320 1535 novitatem
354 1502 526 1546 bezogen:
559 1501 724 1535 wahrend
758 1501 818 1534 der

122 1547 208 1590 Zeit,
234 1547 267 1581 in
281 1547 433 1581 welcher
445 1558 512 1581 neu
538 1548 599 1589 sei,
623 1548 694 1591 vgl.
713 1550 740 1589 1,
762 1549 817 1590 Ξῖ,

129 1596 190 1628 11;
217 1596 314 1627 inter
337 1594 451 1637 fugae
462 1605 679 1638 pugnaeque
705 1596 819 1626 consi-

128 1640 236 1682 lium,·
269 1641 316 1673 ib.
343 1643 406 1681 55,
439 1642 477 1674 3;
514 1643 611 1673 inter
636 1642 820 1683 principia

128 1686 311 1720 condendi
334 1688 480 1729 operis-,-
515 1687 583 1720 Cic.
608 1686 694 1720 Aed.
725 1688 762 1729 1,
789 1689 820 1727 7,

127 1734 192 1767 29:
219 1735 316 1766 inter
341 1736 649 1766 continuationem
675 1743 708 1766 u.
733 1743 822 1765 a.—

127 1782 323 1822 quae—sit,
338 1780 393 1820 21,
403 1781 436 1821 4,
450 1781 502 1813 10.
513 1799 558 1804 ——
569 1790 676 1822 quam
691 1778 820 1821 agend.

128 1824 214 1858 kurz
239 1828 282 1859 st.
297 1836 404 1868 quam
430 1829 639 1869 agerentur,
665 1828 822 1868 agz'pos-

126 1875 338 1914 sena—pro
364 1875 458 1906 cont.
485 1873 595 1915 39‚31
616 1874 683 1915 ‚17‚
708 1871 824 1914 Lange

127 1919 162 1959 2,
171 1919 238 1952 666
248 1931 255 1958 ;
266 1917 346 1952 dass
354 1917 503 1951 Licinius
513 1917 747 1952 unbeschadet
762 1917 822 1951 der

127 1962 234 2007 Opfer
257 1974 292 1998 u.
314 1964 428 1998 seines
448 1964 715 1998 Priesterthums
734 1964 822 1997 habe

129 2010 166 2043 in
190 2008 246 2043 die
257 2010 405 2044 Provinz
431 2010 541 2054 gehen
555 2010 706 2053 konnen,
730 2010 822 2053 zeigt

132 2057 190 2096 42,
205 2057 308 2096 32,2;
334 2055 525 2090 Mommsen
551 2057 617 2091 Str.
636 2059 665 2099 1,
682 2058 759 2091 390.
776 2075 823 2080 —

133 2100 289 2143 Cornel„
304 2112 333 2135 c.
347 2103 403 2143 27,
416 2104 448 2135 2.
473 2122 520 2126 —
535 2102 645 2136 Ticin.
661 2123 686 2126 —
703 2103 823 2144 Font.,

130 2147 269 2181 bleiben
293 2147 358 2181 dus
383 2148 485 2181 dritte
503 2148 586 2182 Jahr
610 2149 645 2181 in
670 2148 730 2182 der
742 2148 824 2182 Pro-

134 2193 234 2234 vinz,
272 2204 300 2227 s.
325 2204 355 2227 c.
381 2196 412 2228 8.
437 2212 483 2218 -—
508 2198 541 2227 et
564 2198 626 2236 ut,
650 2194 734 2228 fiber
761 2194 825 2228 den

135 2239 299 2273 Wechsel
323 2239 384 2273 der
409 2239 601 2274 Construct.
627 2242 684 2283 40,
710 2242 764 2282 30,
789 2243 829 2279 4;

137 2285 211 2329 vgl.
237 2287 293 2328 32,
319 2288 373 2329 16,
398 2288 429 2320 9.

183 2330 244 2367 16.
273 2334 372 2367 1-2.
397 2343 472 2366 non
497 2333 596 2375 Mai„
621 2331 675 2365 die
700 2331 830 2365 damals

139 2380 232 2411 etwa
243 2378 277 2411 in
291 2377 357 2412 den
370 2378 499 2412 Januar
518 2378 579 2413 des
594 2378 831 2422 Julianischen

137 2423 326 2458 Kalenders
349 2423 470 2468 fielen,
495 2436 523 2459 s.
551 2427 614 2464 37,
648 2426 682 2466 4,
707 2427 747 2463 4;
774 2426 830 2465 44,

140 2472 198 2513 37,
223 2472 256 2510 6,
279 2470 352 2514 vgl.
379 2473 435 2513 40,
459 2473 516 2514 45,
540 2473 576 2510 2;
614 2473 678 2513 42,
703 2473 766 2513 35,
793 2473 830 2508 3;

138 2514 246 2559 Marq.
272 2518 310 2559 4,
343 2519 422 2551 443.
449 2537 495 2541 -
519 2520 555 2550 in
588 2528 663 2550 una
690 2518 741 2552 Ιι..
777 2517 829 2550 bei

140 2561 253 2595 einem
266 2572 372 2600 usw.;
398 2574 471 2596 una
485 2563 602 2597 deutet
616 2563 739 2596 darauf
759 2563 830 2604 hin,

140 2607 221 2642 dass
265 2608 418 2642 melu-ere
454 2608 668 2654 Opfertliiere
714 2619 832 2643 ausser

888 1362 965 1396 dem
1000 1362 1053 1395 sur
1086 1361 1152 1395 den
1179 1371 1312 1406 ganzen
1336 1359 1437 1394 Bund
1462 1359 1582 1403 darge-

887 1408 1051 1442 brachten
1091 1408 1221 1445 Stiere‚
1259 1406 1352 1440 viell.
1390 1407 1443 1439 ffir
1474 1405 1582 1448 jeden

889 1454 985 1487 Staat
1024 1454 1114 1488 eins.
1155 1453 1389 1498 geschlachtet
1427 1451 1581 1495 wurden‚

888 1500 1017 1534 Preller
1042 1502 1104 1534 190
1119 1500 1142 1533 f.
1168 1520 1212 1523 —
1236 1501 1380 1541 magist.
1396 1498 1500 1539 Lan..
1526 1500 1582 1540 42,

894 1550 921 1588 1,
950 1550 1039 1580 7.-
1059 1547 1166 1589 relig.
1192 1546 1231 1587 fl,
1258 1550 1289 1587 5,
1320 1548 1372 1585 13,
1400 1547 1438 1582 8;
1464 1544 1582 1587 ih.31‚

890 1596 928 1627 6:
957 1604 1048 1636 quae
1064 1604 1119 1625 res
1143 1596 1267 1635 postea
1293 1592 1467 1633 religioni
1489 1591 1585 1632 fuit,-

891 1649 933 1672 an
958 1650 992 1672 u.
1020 1638 1070 1672 St.
1104 1639 1147 1672 ist
1183 1638 1242 1671 der
1274 1636 1494 1682 Gegenstand
1525 1636 1585 1670 der

891 1685 1075 1729 religiosen
1112 1685 1316 1728 Besorgniss
1367 1683 1415 1717 als
1453 1683 1585 1716 Veran-

891 1732 1035 1775 lassung
1066 1731 1244 1765 derselben
1283 1729 1389 1764 durch
1416 1732 1502 1773 qnia
1527 1730 1586 1763 be-

893 1777 1059 1813 zeichnet.
1086 1788 1112 1811 s.
1140 1779 1205 1813 39.
1229 1779 1263 1817 2,
1288 1779 1320 1811 2.
1344 1796 1388 1801 —-
1415 1776 1464 1808 ad
1484 1780 1583 1819 pont.

894 1824 985 1857 coll..
1011 1823 1115 1867 Marq.
1143 1826 1175 1866 4,
1200 1825 1278 1858 422.
1295 1843 1340 1846 —
1366 1826 1470 1863 reete,
1497 1822 1584 1856 nach

896 1870 960 1904 den
976 1870 1210 1904 Vorschristen
1236 1870 1296 1903 des
1322 1869 1467 1912 Rituals,
1492 1871 1525 1911 4,
1553 1871 1585 1907 ἵ,

895 1919 933 1951 3:
958 1927 1089 1960 parum
1116 1921 1233 1957 γρᾶες
1265 1918 1327 1951 25.
1364 1917 1424 1957 12,
1453 1917 1509 1957 10,
1537 1915 1586 1948 ost

893 1965 975 2004 rile,
1001 1966 1034 2004 5,
1063 1965 1115 2003 15,
1145 1965 1204 1996 11:
1242 1965 1298 2004 41,
1326 1963 1378 2004 lS,
1405 1965 1436 1996 3.
1463 1981 1504 1985 —
1534 1963 1588 1993 in-

894 2012 1070 2042 stauratis
1102 2009 1186 2042 wird
1225 2008 1275 2042 als
1301 2008 1354 2041 die
1380 2007 1586 2051 Bediugung

894 2055 976 2089 oder
989 2055 1044 2089 die
1058 2055 1199 2098 Angabe
1225 2055 1318 2088 eines
1332 2054 1587 2087 Verhaltnisses

894 2101 948 2134 fur
961 2101 1015 2134 die
1026 2101 1317 2145 Haupthandlung
1331 2100 1435 2134 durch
1448 2100 1590 2144 placuit

896 2147 931 2180 in
957 2147 1011 2181 die
1034 2146 1183 2180 Zukunst
1199 2149 1430 2181 versetzt=si
1453 2149 1589 2179 instau-

898 2197 1002 2226 ratae
1016 2197 1141 2235 essent,
1167 2205 1193 2228 s.
1213 2196 1241 2235 1,
1258 2196 1291 2234 6,
1317 2196 1356 2227 4:
1385 2192 1589 2233 conditam,-

898 2239 942 2272 ib.
975 2241 1007 2281 7,
1036 2242 1092 2278 11;
1124 2242 1176 2281 15,
1202 2242 1241 2273 5:
1276 2240 1591 2281 inclinari—rege

900 2285 985 2318 inde
1014 2290 1156 2329 sumpto
1188 2286 1424 2326 videbanlur5
1458 2288 1497 2327 5,
1535 2286 1590 2325 36,

906 2333 962 2365 10:
990 2336 1178 2374 acceptae;
1212 2334 1243 2374 9,
1272 2332 1326 2373 18,
1351 2333 1389 2371 4,
1416 2331 1461 2364 ih.
1488 2333 1543 2373 25,
1570 2333 1589 2363 ῖ

903 2380 1038 2420 apertis
1060 2380 1178 2421 portis
1204 2381 1267 2411 etc.
1293 2388 1326 2410 u.
1353 2387 1402 2410 a.:
1429 2376 1483 2411 die
1499 2377 1591 2411 Prie·

902 2428 972 2456 ster
1013 2424 1125 2457 haben
1170 2424 1222 2456 ihr
1254 2423 1446 2457 Gutachten
1488 2423 1592 2458 dahin

903 2469 1124 2513 abgegeben,
1174 2469 1252 2503 dass
1301 2469 1355 2502 die
1403 2469 1464 2503 fer.
1507 2471 1592 2513 Lat„

902 2525 974 2548 was
999 2515 1342 2549 selbstverstandlich
1367 2525 1452 2558 war,
1476 2527 1519 2550 zu
1542 2517 1594 2550 in-

901 2562 1089 2595 staurieren
1114 2562 1224 2604 seien,
1258 2561 1326 2595 und
1361 2561 1458 2605 dass,
1489 2573 1591 2597 wenn

902 2607 956 2641 die
982 2610 1202 2641 instauratio
1221 2607 1444 2652 angenrdnet,
1469 2609 1594 2654 ersolgt
