1747 2844
651 470 874 552 TITI
933 490 1162 553 LIVI

350 608 413 647 AB
446 608 578 649 URBE
610 607 830 648 CONDITA
864 607 1129 648 LIBRORUM
1159 608 1465 649 PERIOCHAE.

721 776 777 810 Ex
803 776 929 810 LIBRO
956 776 1102 811 XXXXI.

281 869 373 913 Ignis
397 869 431 901 in
458 867 539 901 aede
565 868 689 901 Vestae
714 868 883 901 extinctus
917 871 980 901 est.
1036 867 1087 901 Ti.
1113 867 1333 911 Sempronius
1357 868 1529 904 Gracchus
1553 881 1630 915 pro-

190 915 307 948 consul
333 915 519 948 Celtiberos
545 914 653 947 victos
678 913 712 946 in
737 913 945 946 deditionem
971 913 1114 957 accepit,
1139 918 1465 958 monumentumque
1489 926 1631 959 operum

190 971 325 995 suorum
352 959 566 994 Gracchurim
592 959 753 1003 oppidum
779 959 813 992 in
838 959 998 1002 Hispania
1024 959 1210 992 constituit.
1269 963 1303 993 et
1327 970 1345 993 a
1370 960 1546 995 Postumio
1571 962 1630 996 Al-

189 1007 269 1040 bino
295 1005 497 1050 proconsule
523 1005 665 1038 Vaccaei
690 1014 728 1037 ac
753 1005 901 1038 Lusitani
930 1005 1061 1038 subacti
1085 1008 1175 1039 sunt.
1227 1008 1369 1049 uterque
1393 1006 1628 1051 triumphavit.

190 1052 379 1085 Antiochus
405 1051 562 1084 Antiochi
594 1050 684 1083 filius
718 1051 818 1084 obses
851 1061 868 1083 a
896 1054 990 1094 patre
1014 1051 1175 1084 Romanis
1209 1051 1328 1093 datus,
1359 1054 1492 1086 mortuo
1526 1053 1629 1088 fratre

191 1098 345 1137 Seleuco,
371 1097 428 1141 qui
453 1097 541 1140 patri
566 1096 726 1129 defuncto
752 1101 972 1137 successerat,
997 1096 1031 1129 in
1053 1107 1195 1140 regnum
1209 1096 1328 1140 Syriae
1342 1098 1383 1130 ab
1408 1098 1491 1132 urbe
1515 1099 1632 1133 dimis-

192 1154 260 1178 sus.
309 1143 365 1186 qui
392 1147 523 1187 praeter
548 1142 764 1184 religionem,
802 1151 867 1185 qua
902 1142 1006 1175 multa
1042 1143 1167 1185 templa
1200 1142 1380 1187 magnifica
1407 1144 1521 1179 multis
1546 1145 1632 1179 locis

191 1190 308 1230 erexit,
333 1189 475 1222 Athenis
500 1189 590 1221 lovis
616 1187 764 1231 Olympii
790 1192 822 1220 et
835 1188 1034 1221 Antiochiae
1062 1187 1267 1231 Capitolini,
1291 1189 1492 1223 vilissimum
1515 1201 1632 1234 regem

191 1247 272 1290 egit.
307 1247 448 1279 lustrum
474 1255 492 1277 a
517 1244 713 1277 censoribus
727 1243 901 1277 conditum
917 1247 983 1282 est;
1009 1254 1108 1277 censa
1123 1248 1202 1278 sunt
1216 1245 1340 1278 civium
1354 1240 1633 1290 capitaC‘ffL—Vlli

192 1291 370 1325 CCXCIlll.
410 1291 447 1330 Q.
461 1290 632 1323 Voconius
645 1290 730 1323 Saxa
748 1289 899 1322 tribunus
925 1289 1034 1332 plebis
1059 1290 1169 1333 legem
1194 1290 1281 1332 tulit,
1306 1301 1348 1324 ne
1364 1292 1440 1335 quis
1457 1294 1632 1328 mulierem

192 1337 350 1371 heredem
375 1337 576 1371 institueret.
613 1335 721 1369 suasit
745 1335 857 1378 legem
881 1335 924 1369 Μ.
951 1335 1053 1374 Cato;
1080 1339 1174 1370 extat
1198 1336 1305 1369 oratio
1330 1336 1416 1371 eius.
1458 1343 1632 1382 praeterea

192 1394 246 1417 res
272 1383 433 1416 adversus
450 1382 588 1424 Ligures
614 1384 648 1414 et
660 1381 791 1414 Histros
818 1384 851 1414 et
875 1380 1000 1414 Sardos
1026 1384 1060 1414 et
1073 1381 1260 1419 Celtiberos
1285 1392 1303 1414 a
1329 1383 1548 1426 conpluribus
1571 1386 1632 1419 du·-

194 1430 289 1463 cibus
315 1438 474 1472 prospere
509 1430 623 1470 gestas
656 1430 690 1460 et
714 1426 807 1459 initia
834 1426 911 1459 belli
938 1425 1147 1460 Macedonici
1172 1427 1344 1467 continet,
1369 1429 1461 1472 quod
1486 1430 1632 1465 Perseus

193 1475 341 1518 Philippi
367 1474 456 1507 filius
482 1472 693 1506 moliebatur.
743 1472 879 1505 miserat
904 1472 945 1504 ad
963 1472 1258 1516 Carthaginienses
1283 1473 1502 1517 legationem,
1526 1487 1565 1510 ea
1591 1477 1633 1510 ab

193 1521 246 1555 his
273 1525 372 1554 nocte
398 1519 512 1553 audita
538 1522 618 1552 erat.
671 1517 728 1552 sed
756 1522 789 1551 et
814 1518 897 1551 alias
924 1517 1082 1552 Graeciae
1108 1519 1265 1553 civitates
1291 1519 1509 1556 sollicitabat.

720 1734 776 1767 Ex
799 1735 926 1769 LIBRO
953 1734 1114 1769 xxxxu.

289 1827 326 1866 Q.
340 1827 478 1860 Fulvius
503 1826 644 1859 Flaccus
670 1837 789 1860 censor
812 1827 977 1870 templum
1001 1826 1138 1860 Iunonis
1163 1826 1319 1860 Laciniae
1343 1826 1468 1870 tegulis
1493 1837 1636 1861 marmo—

198 1874 262 1907 reis
288 1873 459 1916 spoliavit,
487 1877 523 1904 ut
547 1871 676 1911 aedem,
703 1883 801 1915 quam
828 1873 1055 1914 dedicaverat,
1079 1875 1219 1915 tegeret.
1269 1872 1405 1915 tegulae
1430 1883 1471 1905 ex
1495 1876 1635 1907 senatus

197 1919 353 1953 consulto
377 1922 579 1962 reportatae.
617 1917 784 1952 Eumenes
809 1919 910 1952 Asiae
934 1929 991 1951 rex
1015 1918 1050 1960 in
1074 1920 1195 1951 senatu
1220 1917 1262 1951 de
1279 1917 1404 1951 Perseo
1417 1916 1637 1951 Macedoniae

197 1975 277 2008 rege
302 1968 443 2008 questus
469 1966 531 2004 est,
557 1963 853 1998 cuiusiniuriaein
871 1964 1034 2008 populum
1048 1963 1235 1996 Romanum
1249 1964 1449 1998 referuntur.
1489 1964 1532 1997 ob
1550 1974 1636 2008 quas

198 2011 288 2045 bello
314 2010 345 2043 ei
369 2009 497 2043 indicto
522 2009 558 2042 P.
579 2009 725 2043 Licinius
751 2009 891 2044 Crassus
918 2009 1048 2050 consul,
1074 2009 1127 2042 cui
1151 2009 1345 2042 mandatum
1372 2012 1454 2051 erat,
1479 2009 1514 2042 in
1525 2009 1636 2043 Mace-

198 2056 333 2090 doniam
358 2055 491 2089 transiit
515 2054 716 2098 levibusque
741 2056 1031 2099 expeditionibus,
1057 2055 1273 2098 equestribus
1298 2054 1447 2098 proeliis,
1471 2054 1506 2087 in
1531 2054 1637 2089 Thes-

199 2102 281 2136 salia
315 2112 390 2135 cum
416 2101 539 2134 Perseo
570 2112 703 2143 parum
735 2101 837 2141 felici
869 2105 994 2135 eventu
1024 2100 1201 2144 pugnavit.
1255 2100 1343 2134 inter
1365 2099 1578 2134 Masinissam
1603 2105 1638 2134 et

200 2148 493 2191 Carthaginienses
519 2146 559 2179 de
574 2156 655 2190 agro
681 2146 744 2180 fuit
770 2147 823 2181 lis.
860 2147 932 2180 dies
945 2147 993 2180 eis
1019 2146 1059 2179 ad
1085 2145 1510 2190 disceptandumaseuatu
1524 2146 1636 2180 datus.

198 2194 304 2237 legati
328 2193 421 2226 missi
446 2192 488 2225 ad
513 2192 622 2225 socias
635 2192 792 2226 civitates
815 2203 982 2237 regesque
994 2191 1176 2235 rogandos,
1200 2195 1238 2225 ut
1260 2191 1376 2225 infide
1388 2195 1636 2235 permanerent,

200 2239 433 2272 dubitantibus
458 2237 609 2271 Rhodiis.
665 2238 807 2272 lustrum
839 2249 856 2271 a
883 2238 1080 2272 censoribus
1113 2237 1287 2271 conditum
1320 2240 1389 2276 est;
1423 2247 1524 2271 censa
1556 2240 1637 2271 sunt

202 2296 323 2329 civium
350 2295 461 2339 capita
488 2287 655 2328 CCLxVil
680 2294 846 2329 CCXXXI.
891 2306 943 2329 res
968 2299 1140 2339 praeterea
1166 2294 1329 2328 adversus
1342 2293 1464 2327 Corsos
1489 2293 1636 2337 etLigu-

201 2352 255 2375 res
280 2351 441 2385 prospere
465 2344 579 2384 gestas
605 2341 766 2374 continet.
