1747 2844
178 95 258 134 142
648 93 775 128 LIBER
798 94 932 128 XXXX.
982 94 1076 128 CAP.
1105 97 1155 129 15.
1456 112 1482 132 3.
1502 113 1532 132 u.
1552 106 1611 132 572.

174 226 255 253 non
297 211 461 252 cedendi
493 211 556 250 cui
586 210 647 250 ius
669 211 806 262 fasque
837 216 896 249 est
925 210 1112 250 modestia
1134 222 1368 261 consequar.
1410 209 1610 250 Romanos

176 271 297 310 obicis
327 269 420 308 mihi
453 275 490 308 et
519 281 583 315 ea,
616 280 715 319 quae
745 267 891 318 gloriae
921 279 1006 306 esse
1036 266 1202 314 debent,
1234 267 1273 306 in
1305 267 1455 306 crimen
1480 267 1609 306 vertis.

134 335 153 367 6
175 340 246 378 ego
279 339 352 366 nec
382 325 496 365 obses
517 325 705 364 Romanis
734 331 779 364 111
808 324 983 363 traderer
1003 337 1077 364 nec
1098 330 1143 363 ut
1163 325 1314 374 legatus
1331 324 1511 364 mitterer
1531 323 1612 363 Ro—

172 396 287 432 mam,
319 383 433 436 petii;
465 396 485 422 a
513 389 551 422 te
582 383 725 421 missus
748 382 804 420 ire
828 393 908 420 non
935 382 1123 420 recusavi.
1168 388 1337 433 utroque
1358 387 1537 432 tempore
1558 381 1610 420 ita

172 454 235 480 me
257 441 381 492 gessi,
409 453 458 480 ne
477 440 547 479 tibi
569 439 726 491 pudori,
749 452 798 477 ne
820 450 943 489 regno
965 444 1047 486 tuo,
1070 451 1119 478 ne
1141 438 1249 490 genti
1268 438 1527 478 Macedonum
1549 451 1611 478 es-

132 506 149 535 7
172 511 266 537 sem.
310 499 442 549 itaque
465 497 558 551 mihi
580 509 668 536 cum
691 495 899 542 Romanis,
923 501 1054 547 pater,
1077 508 1193 535 causa
1214 495 1405 535 amicitiae
1425 500 1468 534 tu
1489 495 1609 534 fuisti.

174 555 300 607 quoad
318 562 448 594 tecum
465 554 540 593 illis
557 566 631 606 pax
647 553 833 600 manebit,
856 565 1011 592 mecum
1034 565 1193 604 quoque
1215 553 1337 602 gratia
1358 552 1451 599 erit;
1474 552 1507 591 si
1529 551 1611 592 bel-

172 613 253 652 lum
276 625 360 652 esse
384 611 578 663 coeperit,
611 611 678 662 qui
701 611 835 658 obses,
868 610 935 661 qui
956 610 1108 660 legatus
1130 622 1202 661 pro
1224 616 1335 661 patre
1357 622 1437 649 non
1459 609 1612 648 inutilis

133 679 150 710 S
173 671 250 715 fui,
283 670 384 709 idem
415 669 539 707 hostis
570 668 646 707 illis
677 668 894 707 acerrimus
918 679 998 706 ero.
1042 680 1115 706 nec
1136 667 1272 715 hodie,
1302 673 1347 706 ut
1366 666 1493 718 prosit
1513 667 1610 705 mihi

171 727 441 766 Romanorum
465 726 606 776 gratia,
633 725 814 776 postulo,
838 737 886 763 ne
909 725 1011 763 obsit
1031 730 1205 771 tantum,
1228 724 1431 776 deprecor.
1474 736 1548 763 nec
1568 724 1609 762 in

170 784 274 823 hello
294 784 434 835 coepit,
453 796 525 822 nec
541 783 586 822 ad
605 782 749 822 bellum
767 789 1010 829 reservatur;
1034 781 1139 833 pacis
1155 781 1301 833 pignus
1317 781 1387 830 fui,
1408 781 1454 820 ad
1473 793 1610 833 pacem

172 841 415 880 retinendam
439 841 589 891 legatus
610 840 756 878 missus
778 851 887 878 sum:
913 844 1051 877 neutra
1072 850 1134 877 res
1157 838 1252 877 mihi
1272 850 1347 877 nec
1369 837 1515 889 gloriae
1537 850 1611 877 nec

130 906 149 938 9
171 898 324 938 crimini
355 898 416 936 sit.
461 910 532 948 ego
563 897 595 935 si
623 896 717 947 quid
740 896 846 947 inpie
868 896 908 935 in
932 901 989 940 te,
1023 902 1156 947 pater,
1188 896 1219 934 si
1242 894 1336 946 quid
1358 895 1548 935 scelerate
1570 894 1609 933 in

171 957 328 995 fratrem
351 955 509 1002 admisi,
531 954 679 993 nullam
703 953 895 1005 deprecor
916 965 1106 1005 poenam3
1143 952 1176 991 si
1204 952 1400 991 innocens
1421 964 1529 1000 sum,
1560 964 1611 991 ne

112 1021 149 1052 10
171 1013 313 1052 invidia
346 1013 607 1062 conflagrem,
643 1023 733 1050 cum
764 1011 928 1050 crimine
960 1023 1040 1049 non
1072 1009 1244 1061 possim,
1275 1010 1478 1061 deprecor.
1529 1021 1611 1048 non

169 1070 284 1109 hodie
300 1082 362 1108 me
391 1069 560 1120 primum
579 1069 698 1107 frater
720 1074 888 1110 accusat.
911 1068 979 1107 sed
997 1067 1114 1106 hodie
1135 1067 1307 1118 primum
1330 1072 1478 1119 aperte,
1502 1065 1610 1105 nullo

168 1139 256 1166 meo
284 1127 324 1165 in
351 1139 391 1165 se
408 1126 562 1165 merito.
595 1126 626 1165 si
645 1125 739 1164 mihi
762 1130 873 1176 pater
893 1130 1160 1171 succenseret,
1183 1130 1220 1163 te
1242 1124 1429 1163 maiorem
1451 1124 1611 1163 fratrem

169 1196 242 1235 pro
260 1184 412 1222 minore
429 1183 631 1234 deprecari
649 1182 866 1234 oportebat,
883 1187 921 1220 te
937 1180 1238 1230 adulescentiae,
1261 1186 1299 1220 te
1318 1180 1443 1220 errori
1460 1180 1610 1220 veniam

169 1241 379 1292 impetrare
424 1253 525 1278 meo.
582 1240 647 1278 ubi
692 1239 930 1291 praesidium
968 1251 1052 1278 esse
1096 1237 1323 1289 oportebat,
1360 1237 1414 1276 ibi
1449 1238 1611 1277 exitium

112 1308 144 1339 11
170 1306 239 1337 est.
291 1311 310 1335 e
340 1297 516 1336 convivio
550 1303 587 1335 et
621 1296 877 1335 comisatione
907 1308 1033 1347 prope
1064 1296 1327 1334 semisomnus
1357 1300 1492 1346 raptus
1523 1307 1608 1333 sum

169 1426 235 1455 tel.
263 1434 287 1454 s.
314 1421 389 1463 §62
417 1433 443 1453 1·.
473 1423 598 1461 1215:
626 1420 762 1451 Iudicia
781 1420 855 1452 Ma-

168 1468 358 1509 cedonum,
384 1467 451 1509 vgl.
479 1469 533 1500 33.
556 1468 609 1501 21,
632 1467 669 1503 2;
696 1465 777 1498 oder
802 1468 855 1497 z'n-

168 1514 265 1554 dign.
309 1516 339 1544 te
375 1516 479 1555 patro
519 1513 702 1551 omnibus,·
752 1512 852 1544 tiron.

166 1569 270 1593 verm.
297 1559 468 1600 Indignus
492 1559 700 1598 maioribus,
727 1568 751 1590 s.
772 1556 798 1589 T
803 1567 853 1590 ac.

166 1607 252 1638 Ann.
283 1606 390 1641 4,3s;
426 1604 561 1636 Crevier
587 1604 758 1645 Indignus
792 1604 856 1635 tibi

164 1654 267 1693 pater
293 1656 368 1684 etc..
394 1662 419 1682 s.
447 1661 474 1682 c.
510 1652 714 1690 9,s;11.6;
736 1650 784 1689 12,
804 1651 854 1688 13,

167 1709 196 1730 11.
224 1707 252 1729 a.
277 1715 323 1719 ——
349 1696 495 1727 cedendi
520 1714 562 1719 -—
586 1695 768 1734 modestia,
799 1694 851 1726 die

165 1741 460 1774 Bescheidenheit.
487 1741 539 1773 die
557 1740 629 1773 sich
647 1740 741 1772 darin
760 1739 853 1772 kund

165 1787 276 1830 giebt,
311 1787 389 1819 dass
414 1787 467 1818 ich
493 1785 708 1818 zuriicktrete
743 1795 852 1827 gegen

166 1843 263 1867 usw..
282 1832 355 1865 eine
378 1832 507 1864 seltene
526 1831 757 1873 Verbindung,
784 1830 851 1873 vgl.

165 1878 380 1911 verecundia
407 1881 436 1919 5,
460 1880 509 1912 1-1.
533 1879 569 1915 2;
595 1877 793 1909 moderatio
821 1878 851 1913 3,

167 1927 220 1966 65,
247 1928 293 1958 11.
344 1924 410 1956 Cic.
438 1922 520 1965 Rep.
555 1924 585 1963 2,
610 1925 662 1955 20.
686 1924 746 1955 35:
782 1922 852 1954 Iar-

162 1971 290 2013 giendz'
306 1971 517 2010 benignitas.
532 1988 576 1991 —
592 1971 650 2000 eui
668 1979 698 2001 n.
719 1968 851 1999 cede-re.

212 2018 311 2049 6—8.
338 2015 429 2047 Mein
454 2014 638 2047 Verhalten
664 2023 773 2056 gegen
799 2013 851 2045 die

165 2062 289 2095 Romer
322 2060 475 2093 γει-1113111
507 2060 630 2092 keinen
656 2058 772 2092 Tadel.
810 2078 850 2082 —

162 2112 280 2150 utroq.
307 2111 340 2148 t.,
366 2106 434 2149 vgl.
454 2106 520 2139 Cic.
547 2106 616 2148 Lig.
645 2107 674 2146 2,
690 2107 719 2138 4.
739 2123 782 2128 -—
801 2107 852 2137 ita

163 2174 207 2178 —
226 2164 280 2194 ne,
304 2154 357 2194 39,
373 2154 425 2185 29.
441 2154 477 2190 ὃς
494 2154 547 2188 31,
563 2153 616 2187 25,
631 2154 666 2188 6;
683 2152 737 2189 22,
752 2152 806 2190 61,
821 2153 849 2183 5.

163 2220 208 2223 ——
226 2210 297 2241 pro
313 2202 417 2241 patre
438 2198 570 2230 scheint
595 2196 711 2229 weder
735 2207 775 2229 zu
793 2197 851 2229 be-

164 2245 306 2278 deuten:
326 2247 409 2277 statt
428 2243 487 2276 des
501 2242 553 2277 V..
572 2243 660 2275 noch
678 2242 851 2275 1100111161-

163 2292 223 2324 har
247 2291 307 2323 mit
326 2300 397 2322 non
415 2289 553 2321 inutilis
577 2288 610 2321 in
629 2287 851 2330 Verbindung

164 2347 205 2369 zu
223 2336 354 2377 steheu,
372 2334 451 2368 Tac.
471 2335 548 2377 Agr.
578 2336 632 2367 12:
653 2344 723 2376 pro
751 2335 850 2365 nobis

163 2383 297 2423 utilius,
323 2381 391 2423 vgl.
412 2381 444 2413 L.
471 2383 503 2422 4,
518 2382 548 2420 6,
563 2382 593 2421 2,
619 2379 766 2412 sondern
785 2379 848 2412 den

165 2426 247 2459 Sinn
285 2438 324 2459 zu
364 2426 491 2459 haben:
534 2426 579 2458 im
615 2425 752 2458 Dienste
790 2424 849 2458 des

164 2472 302 2512 Vaters,
337 2472 395 2504 ihn
425 2471 629 2504 vertretend.
655 2491 697 2494 —
723 2473 849 2502 neutra

163 2528 418 2559 —nec-ne‹·,
445 2528 468 2550 s
486 2520 539 2558 31,
554 2519 608 2557 41,
624 2518 660 2553 7;
681 2527 722 2548 zu
735 2518 780 2548 sit
795 2518 847 2551 35,

164 2564 218 2597 48,
231 2563 463 2605 9,-ᾱθρνθο.
477 2583 520 2585 -
540 2563 688 2604 depr-ec„
712 2572 738 2594 e.
756 2563 804 2602 10,
818 2563 846 2594 2.

976 1421 1116 1453 10—10.
1150 1418 1345 1460 Peroratio,
1378 1429 1416 1451 zu
1453 1418 1511 1451 der
1544 1418 1565 1461 ξ
1590 1419 1609 1452 9

925 1465 990 1498 den
1012 1465 1216 1507 [ebergang
1240 1464 1357 1497 bildet.
1372 1483 1416 1488 —
1430 1465 1612 1507 deprecor,

924 1511 995 1543 will
1015 1511 1119 1544 durch
1136 1510 1252 1543 Bitten
1270 1509 1472 1551 abwenden,
1490 1509 1611 1543 anders

925 1556 945 1599 ξ
964 1559 994 1594 8,
1021 1557 1088 1599 vgl.
1115 1558 1168 1594 34,
1183 1558 1238 1598 59,
1252 1558 1282 1590 6.
1308 1576 1354 1580 —
1376 1558 1408 1588 si
1431 1557 1612 1597 innocens,

925 1614 951 1636 e.
982 1605 1032 1644 12,
1060 1604 1108 1636 10.
1137 1621 1176 1626 -
1204 1604 1274 1634 inv.
1301 1602 1486 1644 conflagr„
1516 1611 1542 1634 s.
1568 1611 1610 1633 zu

925 1650 979 1689 39,
995 1651 1026 1690 6,
1040 1651 1078 1689 4,
1095 1650 1148 1689 24,
1163 1649 1217 1690 26,
1233 1649 1262 1681 3.
1289 1667 1333 1671 -
1356 1647 1417 1680 Die
1434 1646 1609 1680 Peroratio

923 1695 1003 1737 geht
1037 1694 1097 1727 auf
1127 1704 1155 1726 c.
1192 1696 1243 1735 12,
1266 1693 1326 1727 3f.
1359 1692 1504 1726 zuriick:
1543 1702 1610 1724 von

923 1740 1000 1773 dem
1016 1739 1146 1773 Bruder
1170 1749 1256 1781 ganz
1274 1741 1483 1771 unerwartet
1507 1747 1611 1780 ange-

922 1786 1017 1827 klagt
1052 1785 1110 1818 hat
1144 1795 1179 1817 er
1207 1784 1278 1817 sich
1303 1784 1397 1816 nicht
1429 1782 1611 1826 genfigend

922 1830 1159 1873 vertheidigen
1215 1829 1352 1863 k6nnen
1407 1828 1476 1862 und
1523 1827 1611 1861 hofft

924 1876 1050 1909 Schutz
1077 1886 1138 1908 nur
1162 1885 1230 1908 von
1256 1875 1314 1908 der
1330 1873 1433 1907 Milde
1459 1874 1518 1907 des
1544 1873 1609 1907 Va—

924 1927 1002 1955 ters.
1017 1942 1060 1946 —-
1074 1921 1334 1962 nullo—mer„
1351 1920 1440 1953 ohne
1458 1919 1536 1953 dass
1554 1920 1608 1952 ich

923 1972 1032 2001 etwas
1056 1977 1166 2010 gegen
1191 1967 1248 2000 ihn
1275 1965 1492 1999 verschuldet
1508 1965 1609 2007 habe,

923 2014 1012 2046 Curi.
1047 2014 1077 2054 S,
1101 2015 1155 2053 24,
1178 2015 1238 2046 30:
1273 2023 1341 2054 quo
1373 2022 1436 2044 suo
1469 2013 1608 2044 merito.

921 2079 966 2083 —
991 2061 1110 2091 error-i
1133 2069 1201 2091 von
1226 2069 1301 2090 ven.
1325 2059 1536 2101 impetrare,
1565 2067 1608 2090 zu

922 2105 1083 2147 erlangen
1113 2104 1258 2145 suchen,
1292 2103 1481 2146 abhangig,
1515 2113 1540 2135 s.
1576 2104 1607 2142 3,

925 2153 977 2193 12,
999 2152 1031 2191 8,
1056 2150 1124 2192 vgl.
1160 2152 1213 2192 38,
1240 2151 1292 2191 13,
1315 2150 1365 2182 12.
1390 2168 1436 2172 —
1457 2158 1533 2180 meo
1564 2150 1606 2180 st.

923 2197 982 2229 (les
998 2196 1049 2229 hs.
1076 2198 1115 2228 in
1131 2206 1183 2236 oo,
1208 2195 1357 2228 welches
1378 2193 1420 2227 da
1444 2195 1495 2226 ibi
1519 2192 1607 2235 folgt

921 2242 1074 2281 (anderer
1090 2242 1151 2274 Art
1176 2240 1252 2274 sind
1272 2240 1364 2273 Falle
1389 2239 1456 2271 wie
1481 2241 1536 2280 41,
1554 2240 1605 2279 17,

921 2290 940 2322 S
953 2303 959 2327 ;
974 2289 1028 2329 42,
1040 2288 1137 2329 47,9)
1155 2286 1248 2319 nicht
1265 2288 1349 2319 statt
1366 2284 1478 2317 haben
1494 2283 1604 2322 kann3

919 2333 1052 2366 Andere
1076 2342 1179 2365 verm.
1213 2341 1309 2364 nune
1333 2329 1390 2363 od.
1412 2330 1475 2362 sed
1480 2342 1494 2370 ,·
1526 2339 1604 2373 zum

919 2377 1104 2412 Gedanken
1140 2377 1207 2420 vgl.
1249 2377 1304 2417 38,
1329 2377 1382 2417 59,
1408 2377 1438 2408 7.
1475 2395 1521 2399 —
1556 2373 1607 2408 est

919 2423 1108 2466 entspricht
1133 2423 1300 2465 opor—zeb„
1333 2420 1412 2453 weil
1437 2421 1524 2455 auch
1549 2420 1603 2453 die

919 2469 1178 2512 Verpssichtung
1208 2467 1297 2500 noch
1322 2469 1406 2500 statt
1429 2466 1507 2508 hat,
1541 2477 1603 2499 nur

920 2515 1032 2548 sruher
1050 2514 1101 2546 ihr
1119 2513 1211 2546 nicht
1230 2515 1358 2556 genugt
1376 2512 1517 2545 worden
1539 2512 1601 2549 ist;

921 2561 979 2593 der
1004 2559 1083 2593 Satz
1105 2559 1195 2592 steht
1226 2557 1490 2592 nachdriicklich
1514 2557 1601 2591 ohne
