1747 2844
193 53 272 93 108

655 58 781 90 menn
807 39 964 92 xxxxii.
1012 58 1104 92 CAP.
1131 62 1185 92 31.

1472 78 1499 97 a.
1520 78 1546 97 u.
1565 71 1627 98 583.

191 173 284 220 cuit,
307 173 418 212 binas
440 173 607 224 singulis
629 174 870 213 consulibus.
916 173 953 212 id
975 175 1232 227 praecipuum
1254 175 1478 227 provinciae
1499 176 1627 216 Mace-

190 230 330 282 doniae
351 230 496 278 datum,
519 231 638 282 quod,
661 244 749 270 cum
766 231 926 271 alterius
943 232 1119 271 consulis
1141 231 1365 284 legionibus
1381 233 1501 284 quina
1521 233 1628 273 milia

189 294 225 326 et
248 284 391 326 duceni
413 288 563 339 pedites
579 300 625 326 ex
641 295 770 328 vetere
788 289 968 328 instituto
986 289 1174 328 darentur
1190 290 1229 329 in
1247 289 1422 341 singulas
1438 289 1628 341 legiones,

190 345 230 383 in
253 344 519 383 Macedoniam
552 358 643 384 sena
675 346 780 385 milia
810 345 985 398 peditum
1008 346 1126 385 scribi
1147 346 1273 394 iussa,
1305 347 1458 399 equites
1478 348 1627 386 treceni

149 407 166 438 3
188 401 402 453 aequaliter
424 401 463 440 in
487 401 663 453 singulas
683 402 874 453 legiones.
926 408 963 441 et
984 403 1023 441 in
1046 403 1179 442 sociali
1203 403 1374 443 exercitu
1397 404 1551 443 consuli
1572 404 1628 444 al-

189 459 263 497 teri
283 463 420 497 auctus
438 471 644 498 numerus:
668 460 837 499 sedecim
854 459 959 498 milia
981 460 1171 511 peditum,
1194 461 1442 512 octingentos
1464 461 1629 513 equites,

190 521 344 567 praeter
374 528 461 563 eos,
494 528 593 568 quos
623 517 692 555 Cu.
727 516 899 556 Sicinius
928 516 1122 565 duxisset,
1142 524 1355 561 ,sescentos
1384 518 1556 570 equites,
1586 518 1626 557 in

148 578 168 609 4
191 571 455 611 Macedoniam
479 573 668 612 traiceret.
704 573 835 613 Italiae
858 573 952 613 satis
975 573 1052 612 visa
1075 574 1279 614 duodecim
1302 574 1408 614 milia
1430 575 1629 614 sociorum

190 629 379 681 peditum,
402 630 569 669 sescenti
594 631 757 682 equites.
799 631 893 670 illud
917 643 1075 682 quoque
1097 631 1353 683 praecipuum
1375 633 1507 671 datum
1531 633 1626 671 sorti

189 686 460 733 Macedoniae,
493 693 535 726 ut
567 688 822 727 centuriones
851 688 1075 739 militesque
1105 694 1257 727 veteres
1286 689 1498 735 scriberet,
1529 701 1629 741 quos

148 749 166 780 5
189 743 303 782 vellet
325 744 476 790 consul,
500 757 624 796 usque
645 745 689 783 ad
714 745 999 797 quinquaginta
1021 757 1160 784 annos.
1206 746 1246 784 in
1269 745 1438 785 tribunis
1460 746 1629 786 militum

189 808 372 840 novatum
405 814 448 839 eo
481 814 583 840 anno
617 808 779 854 propter
800 802 1094 841 Macedonicum
1119 802 1288 850 bellum,
1320 803 1423 854 quod
1447 803 1631 842 consules

190 870 234 897 ex
257 864 415 897 senatus
437 858 618 897 consulto
640 860 685 897 ad
710 859 902 911 populum
925 859 1112 904 tulerunt,
1136 873 1184 898 ne
1214 860 1362 898 tribuni
1393 859 1560 899 militum
1584 872 1629 899 eo

188 927 292 953 anno
316 915 512 966 suffragiis
534 922 776 963 crearentur,
808 917 873 955 sed
898 916 1107 955 consulum
1131 923 1436 969 praetorumque
1457 917 1496 956 in
1520 917 1553 956 is
1574 917 1630 956 sa-

147 976 166 1008 6
188 972 337 1010 ciendis
367 972 555 1011 iudicium
586 973 873 1025 arbitriumque
906 980 1018 1013 esset.
1071 974 1173 1012 inter
1193 979 1394 1026 praetores
1416 974 1468 1013 ita
1489 975 1630 1026 partita

190 1028 373 1081 imperia:
399 1036 641 1081 praetorem,
665 1030 776 1069 cuius
799 1043 883 1070 sors
905 1031 1062 1078 suisset,
1093 1037 1136 1070 ut
1156 1030 1229 1070 iret
1256 1043 1334 1083 quo
1357 1036 1516 1071 senatus
1537 1044 1631 1070 cen-

147 1092 164 1123 7
187 1087 341 1133 suisset,
364 1086 616 1125 Brundisium
637 1087 683 1125 ad
706 1087 868 1126 classem
887 1088 941 1126 ire
964 1088 1110 1140 placuit
1131 1094 1247 1140 atque
1269 1088 1322 1127 ibi
1344 1100 1631 1139 recognoscere

189 1143 317 1182 socios
340 1143 508 1191 navales,
535 1144 802 1195 dimissisque,
836 1145 867 1183 si
890 1145 956 1196 qui
979 1157 1117 1196 parum
1139 1145 1269 1183 idonei
1293 1151 1446 1193 essent,
1468 1146 1630 1198 supple-

187 1207 365 1239 mentum
395 1200 523 1250 legere
555 1213 599 1239 ex
622 1201 816 1240 libertinis
839 1209 874 1240 et
896 1203 987 1240 dare
1010 1214 1191 1254 operam,
1224 1208 1266 1241 ut
1296 1202 1394 1241 duae
1424 1209 1554 1254 partes
1575 1203 1631 1242 ci-

147 1264 166 1296 8
186 1257 290 1296 vium
313 1257 593 1304 Romanorum,
617 1258 730 1297 tertia
748 1258 946 1297 sociorum
963 1265 1076 1298 esset.
1114 1265 1355 1298 commeatus
1372 1259 1485 1298 classi
1506 1259 1629 1310 legio-

189 1314 384 1366 nibusque
403 1322 444 1353 ut
466 1327 511 1353 ex
528 1315 658 1353 Sicilia
677 1315 924 1367 Sardiniaque
940 1316 1266 1363 subveherentur,
1289 1316 1550 1368 praetoribus,
1568 1320 1634 1369 qui

188 1384 254 1410 eas
276 1371 498 1423 provincias
519 1372 646 1410 sortiti
670 1378 813 1419 essent,
837 1373 1011 1411 mandari
1034 1373 1194 1424 placuit,
1222 1379 1265 1412 ut
1286 1373 1427 1412 alteras
1449 1374 1633 1413 decumas

188 1494 407 1537 ausgehoben
434 1494 589 1535 worden,
620 1505 646 1527 s.
673 1506 702 1529 c.
732 1497 789 1533 10;
821 1497 871 1528 ts.

186 1560 231 1564 -
255 1542 500 1583 praecipuum,
528 1539 592 1573 wie
619 1542 638 1581 ξ
666 1542 702 1578 4;
732 1542 791 1578 27,
822 1543 874 1581 10,

192 1587 250 1626 13,
286 1585 367 1618 oder
390 1587 590 1628 praecipui,
627 1596 653 1618 s.
680 1588 735 1627 34,
765 1588 815 1627 18,
843 1589 874 1622 5.

187 1631 256 1674 vgl.
282 1634 336 1671 44,
376 1633 430 1670 21,
465 1633 523 1669 10;
557 1631 642 1663 uach
669 1633 764 1664 iussa
790 1631 875 1664 fehlt

188 1677 362 1710 wolsunl.
387 1695 431 1700 -—
457 1681 523 1710 vet.
551 1679 643 1717 inst„
665 1677 873 1720 wenigstens

188 1722 238 1755 ost
260 1722 293 1754 in
308 1722 418 1755 dieser
432 1722 514 1763 Zeit,
542 1733 567 1755 s.
595 1724 647 1764 40,
680 1726 713 1759 1;
744 1726 799 1760 1&
819 1725 873 1764 41,

189 1770 224 1806 9;
252 1770 283 1809 8,
309 1769 328 1801 8
354 1778 387 1801 11.
415 1778 443 1799 a.
478 1787 518 1791 a
553 1779 637 1799 sena
670 1779 735 1809 m.,
766 1779 792 1802 s.
818 1771 874 1811 43,

191 1815 241 1855 12,
268 1815 303 1851 3;
330 1815 384 1853 44,
410 1814 515 1854 21‚8;
543 1818 637 1846 sonst
651 1815 751 1855 6200,
777 1824 803 1847 s.
820 1816 873 1855 35,

188 1861 219 1901 2,
245 1861 279 1898 4,
304 1869 345 1891 zu
360 1861 414 1899 37,
440 1861 494 1899 39,
521 1860 551 1890 7.
577 1878 620 1883 —-
646 1859 797 1901 aequaL,
824 1859 874 1892 fiir

186 1904 285 1938 beide
320 1904 571 1937 consularische
596 1904 712 1938 Heere.
745 1923 787 1928 --
823 1916 873 1936 se-

188 1951 261 1983 dee.
294 1950 388 1987 mil„
424 1950 513 1983 viell.
549 1950 594 1983 ist
618 1950 692 1983 eine
718 1952 872 1993 grossere

187 1995 269 2028 Zahl
294 1996 492 2039 angegeben
518 2006 689 2038 gewesen.
727 2016 771 2019 —
803 2008 873 2028 ses-

189 2045 289 2083 cent„
314 2041 434 2074 anders
460 2052 489 2075 c.
516 2043 570 2084 27,
586 2043 617 2075 3.
643 2061 688 2065 ——
710 2044 870 2084 praec-ip.

186 2087 231 2121 ist
256 2087 346 2127 hier,
372 2087 449 2119 weil
475 2088 508 2119 in
519 2090 679 2130 praecip.
696 2088 783 2119 dare
797 2087 871 2121 eine

186 2133 397 2176 Anordnung
410 2133 506 2176 liegt,
532 2133 592 2166 mit
607 2137 647 2165 ut
662 2133 871 2174 verbunden,

187 2180 207 2220 ξ
241 2180 260 2212 2
299 2179 336 2211 id
368 2189 488 2221 praec.
526 2179 630 2211 durch
667 2179 765 2221 quod
799 2189 873 2212 um-

187 2224 373 2257 schrieben.
392 2244 428 2247 —
447 2228 547 2265 sorti,
563 2226 583 2267 ξ
598 2226 634 2257 2:
650 2227 871 2267 provinciae,

187 2270 264 2303 weil
298 2270 358 2303 das
391 2270 478 2303 Loos
512 2270 566 2303 die
592 2269 779 2303 Provinzen
815 2270 871 2303 be-

187 2315 334 2353 stimmt,
369 2326 395 2348 s.
429 2317 482 2354 27,
517 2318 571 2358 36,
608 2319 658 2349 11.
697 2336 740 2339 -
778 2321 869 2350 oenc.

190 2362 282 2403 mz'l.,
319 2361 373 2394 die
410 2361 458 2394 als
495 2361 611 2394 solclie
643 2361 748 2394 sehon
782 2362 870 2395 viele

189 2406 357 2449 Feldziige
382 2407 539 2449 gemacht
561 2407 669 2440 haben
695 2407 762 2439 und
783 2408 871 2449 jetzt

190 2452 311 2494 gerade
324 2462 402 2484 vom
417 2452 553 2486 Dienste
567 2453 628 2486 frei
641 2453 712 2485 sein
735 2453 870 2486 sollteu.

190 2515 232 2521 —-
259 2500 466 2540 quinquag.,
492 2508 517 2531 s.
544 2501 598 2535 40.
613 2500 667 2538 26,
692 2501 729 2537 7;
756 2499 787 2530 in
812 2498 871 2531 der

189 2541 294 2585 Regel
319 2543 400 2585 geht
424 2544 485 2576 mit
508 2543 584 2577 dem
610 2546 664 2578 45.
690 2543 792 2577 Jahre
817 2544 871 2577 die

948 1495 1204 1538 Verpssiclitung
1230 1506 1305 1528 zum
1320 1495 1576 1539 Kriegsdienste
1589 1507 1632 1529 zu

942 1541 1054 1582 Ende,
1089 1552 1115 1574 s.
1150 1544 1177 1582 1,
1210 1543 1265 1582 43,
1291 1543 1328 1580 33
1362 1541 1396 1573 in
1420 1541 1632 1576 Ausnahme-

943 1586 1045 1620 fallen
1075 1587 1153 1620 aber
1189 1587 1274 1620 auch
1309 1587 1437 1621 weiter.
1466 1607 1506 1610 —
1536 1587 1633 1630 quod

943 1632 1016 1675 gibt
1042 1632 1134 1665 nicht
1159 1632 1213 1666 die
1238 1632 1421 1676 Neuerung
1457 1643 1519 1674 an,
1554 1643 1631 1666 son-

944 1677 1024 1711 dern
1058 1678 1112 1711 die
1137 1679 1198 1710 Art
1223 1678 1282 1712 der
1315 1678 1544 1722 Einfiihrung:
1576 1678 1636 1712 auf

944 1723 1009 1757 den
1033 1724 1164 1767 Antrag
1189 1734 1222 1758 u.
1246 1734 1272 1757 s.
1297 1734 1339 1758 W.
1366 1743 1409 1748 —
1435 1725 1632 1765 rte—suffr.

946 1779 1007 1810 cta,
1034 1772 1065 1810 9,
1092 1772 1146 1811 30,
1172 1772 1204 1808 3,
1230 1769 1300 1812 vgl.
1325 1771 1381 1811 44,
1415 1771 1469 1812 21,
1504 1772 1542 1808 3;
1575 1771 1631 1812 43,

945 1817 982 1852 7;
1021 1814 1206 1848 Mommsen
1241 1817 1272 1858 2,
1307 1817 1366 1853 92;
1401 1818 1482 1854 541;
1521 1815 1633 1849 wahr-

944 1860 1129 1893 scheinlieh
1169 1861 1274 1903 bezog
1325 1860 1397 1894 sich
1433 1861 1494 1893 auf
1539 1860 1632 1895 diese

943 1905 1127 1949 Neuerung
1161 1905 1214 1939 die
1240 1905 1331 1939 Rede
1357 1907 1458 1939 Catos
1493 1906 1535 1939 de
1569 1909 1632 1939 tri-

944 1952 1047 1983 bunis
1059 1952 1234 1990 militum‚·
1248 1951 1378 1985 Nonius
1392 1951 1433 1985 de
1443 1962 1516 1995 prp.
1531 1962 1631 1986 serm.

943 1999 1003 2030 67:
1029 1997 1241 2039 p7·0letarz·z·,·
1271 1999 1352 2036 195;
1375 1996 1434 2030 der
1448 1997 1631 2031 Beschluss

942 2042 1026 2075 wird
1052 2043 1085 2075 in
1111 2042 1345 2077 Tributcomit.
1372 2043 1510 2086 gefasst.

989 2090 1090 2122 6—9.
1115 2091 1253 2132 imper„
1279 2088 1333 2122 die
1350 2089 1456 2122 Heere
1480 2089 1550 2122 und
1575 2088 1629 2122 die

941 2134 1063 2167 Flotte.
1097 2154 1140 2158 —
1171 2133 1299 2174 fuisset
1323 2135 1460 2168 vertritt
1483 2135 1544 2168 das
1569 2135 1630 2168 sut.

941 2184 1050 2214 exact.
1063 2193 1069 2212 :
1097 2179 1280 2223 geworden
1295 2180 1366 2214 sein
1380 2180 1515 2218 wiirde;
1531 2190 1559 2214 c.
1575 2181 1630 2223 28,

941 2227 979 2263 8;
1005 2228 1059 2265 40,
1085 2228 1117 2267 5,
1148 2228 1206 2264 13;
1241 2227 1295 2267 32,
1330 2228 1384 2267 30,
1417 2227 1457 2259 8:
1490 2228 1628 2258 occasio

941 2270 1077 2310 fuisset.
1103 2291 1148 2295 —
1173 2281 1391 2314 quo—cens„
1415 2281 1442 2304 c.
1459 2273 1514 2313 28,
1529 2273 1560 2306 6.
1586 2291 1630 2295 —-

941 2328 1095 2359 recogn„
1110 2317 1349 2359 untersuchen,
1368 2317 1411 2350 ob
1434 2317 1483 2350 sie
1497 2317 1630 2360 tfiehtig

941 2362 1050 2404 seien,
1076 2363 1146 2406 vgl.
1173 2373 1199 2395 c.
1232 2363 1280 2401 19,
1311 2365 1337 2395 1.
1369 2382 1414 2386 -
1440 2363 1575 2404 libert„
1600 2373 1631 2397 c.

940 2410 995 2450 27,
1022 2410 1052 2441 3.
1078 2427 1121 2432 -—-
1147 2407 1235 2440 dare
1253 2419 1321 2450 op„
1346 2419 1388 2440 zu
1402 2410 1526 2450 38,26‚
1545 2409 1629 2442 t:—

942 2456 1059 2493 tercia,
1085 2453 1138 2486 die
1164 2453 1469 2496 Bundesgenossen
1493 2453 1630 2487 werden

940 2499 1012 2532 also
1037 2499 1214 2542 geschont‚
1240 2498 1362 2533 anders
1387 2510 1415 2532 c.
1441 2502 1496 2541 27,
1521 2502 1551 2534 3.
1586 2519 1630 2524 —

941 2545 1091 2585 alter-(1⁸,
1120 2546 1174 2586 36,
1200 2546 1231 2585 2,
1262 2547 1313 2587 13,
1338 2545 1408 2588 vgl.
1434 2547 1489 2587 41,
1519 2548 1570 2587 17,
1597 2547 1629 2580 2.
